% ------------------------------------------------------------------------
% SAMPLE BIBLIOGRAPHY FILE
% ------------------------------------------------------------------------


@ARTICLE{sanchez2012,
   author = {{S{\'a}nchez}, S.~F. and {Kennicutt}, R.~C. and {Gil de Paz}, A. and
	{van de Ven}, G. and {V{\'{\i}}lchez}, J.~M. and {Wisotzki}, L. and
	{Walcher}, C.~J. and {Mast}, D. and {Aguerri}, J.~A.~L. and
	{Albiol-P{\'e}rez}, S. and {Alonso-Herrero}, A. and {Alves}, J. and
	{Bakos}, J. and {Bart{\'a}kov{\'a}}, T. and {Bland-Hawthorn}, J. and
	{Boselli}, A. and {Bomans}, D.~J. and {Castillo-Morales}, A. and
	{Cortijo-Ferrero}, C. and {de Lorenzo-C{\'a}ceres}, A. and {Del Olmo}, A. and
	{Dettmar}, R.-J. and {D{\'{\i}}az}, A. and {Ellis}, S. and {Falc{\'o}n-Barroso}, J. and
	{Flores}, H. and {Gallazzi}, A. and {Garc{\'{\i}}a-Lorenzo}, B. and
	{Gonz{\'a}lez Delgado}, R. and {Gruel}, N. and {Haines}, T. and
	{Hao}, C. and {Husemann}, B. and {Igl{\'e}sias-P{\'a}ramo}, J. and
	{Jahnke}, K. and {Johnson}, B. and {Jungwiert}, B. and {Kalinova}, V. and
	{Kehrig}, C. and {Kupko}, D. and {L{\'o}pez-S{\'a}nchez}, {\'A}.~R. and
	{Lyubenova}, M. and {Marino}, R.~A. and {M{\'a}rmol-Queralt{\'o}}, E. and
	{M{\'a}rquez}, I. and {Masegosa}, J. and {Meidt}, S. and {Mendez-Abreu}, J. and
	{Monreal-Ibero}, A. and {Montijo}, C. and {Mour{\~a}o}, A.~M. and
	{Palacios-Navarro}, G. and {Papaderos}, P. and {Pasquali}, A. and
	{Peletier}, R. and {P{\'e}rez}, E. and {P{\'e}rez}, I. and {Quirrenbach}, A. and
	{Rela{\~n}o}, M. and {Rosales-Ortega}, F.~F. and {Roth}, M.~M. and
	{Ruiz-Lara}, T. and {S{\'a}nchez-Bl{\'a}zquez}, P. and {Sengupta}, C. and
	{Singh}, R. and {Stanishev}, V. and {Trager}, S.~C. and {Vazdekis}, A. and
	{Viironen}, K. and {Wild}, V. and {Zibetti}, S. and {Ziegler}, B.
	},
    title = "{CALIFA, the Calar Alto Legacy Integral Field Area survey. I. Survey presentation}",
  journal = {\aap},
archivePrefix = "arXiv",
   eprint = {1111.0962},
 keywords = {techniques: spectroscopic, galaxies: active, galaxies: evolution, surveys, galaxies: ISM, galaxies: stellar content},
     year = 2012,
    month = feb,
   volume = 538,
      eid = {A8},
    pages = {A8},
      doi = {10.1051/0004-6361/201117353},
   adsurl = {http://adsabs.harvard.edu/abs/2012A%26A...538A...8S},
  adsnote = {Provided by the SAO/NASA Astrophysics Data System}
}

@ARTICLE{blazquez2007,
   author = {{S{\'a}nchez-Bl{\'a}zquez}, P. and {Rosales-Ortega}, F.~F. and
	{M{\'e}ndez-Abreu}, J. and {P{\'e}rez}, I. and {S{\'a}nchez}, S.~F. and
	{Zibetti}, S. and {Aguerri}, J.~A.~L. and {Bland-Hawthorn}, J. and
	{Catal{\'a}n-Torrecilla}, C. and {Cid Fernandes}, R. and {de Amorim}, A. and
	{de Lorenzo-Caceres}, A. and {Falc{\'o}n-Barroso}, J. and {Galazzi}, A. and
	{Garc{\'{\i}}a Benito}, R. and {Gil de Paz}, A. and {Gonz{\'a}lez Delgado}, R. and
	{Husemann}, B. and {Iglesias-P{\'a}ramo}, J. and {Jungwiert}, B. and
	{Marino}, R.~A. and {M{\'a}rquez}, I. and {Mast}, D. and {Mendoza}, M.~A. and
	{Moll{\'a}}, M. and {Papaderos}, P. and {Ruiz-Lara}, T. and
	{van de Ven}, G. and {Walcher}, C.~J. and {Wisotzki}, L.},
    title = "{Stellar population gradients in galaxy discs from the CALIFA survey. The influence of bars}",
  journal = {\aap},
archivePrefix = "arXiv",
   eprint = {1407.0002},
 keywords = {galaxies: abundances, galaxies: evolution, galaxies: formation, galaxies: spiral, galaxies: stellar content},
     year = 2014,
    month = oct,
   volume = 570,
      eid = {A6},
    pages = {A6},
      doi = {10.1051/0004-6361/201423635},
   adsurl = {http://adsabs.harvard.edu/abs/2014A%26A...570A...6S},
  adsnote = {Provided by the SAO/NASA Astrophysics Data System}
}



@ARTICLE{cid2013_1,
   author = {{Cid Fernandes}, R. and {P{\'e}rez}, E. and {Garc{\'{\i}}a Benito}, R. and
	{Gonz{\'a}lez Delgado}, R.~M. and {de Amorim}, A.~L. and {S{\'a}nchez}, S.~F. and
	{Husemann}, B. and {Falc{\'o}n Barroso}, J. and {S{\'a}nchez-Bl{\'a}zquez}, P. and
	{Walcher}, C.~J. and {Mast}, D.},
    title = "{Resolving galaxies in time and space. I. Applying STARLIGHT to CALIFA datacubes}",
  journal = {\aap},
archivePrefix = "arXiv",
   eprint = {1304.5788},
 keywords = {galaxies: general, galaxies: stellar content, galaxies: fundamental parameters},
     year = 2013,
    month = sep,
   volume = 557,
      eid = {A86},
    pages = {A86},
      doi = {10.1051/0004-6361/201220616},
   adsurl = {http://adsabs.harvard.edu/abs/2013A%26A...557A..86C},
  adsnote = {Provided by the SAO/NASA Astrophysics Data System}
}

@ARTICLE{salim2007,
   author = {{Salim}, S. and {Rich}, R.~M. and {Charlot}, S. and {Brinchmann}, J. and
	{Johnson}, B.~D. and {Schiminovich}, D. and {Seibert}, M. and
	{Mallery}, R. and {Heckman}, T.~M. and {Forster}, K. and {Friedman}, P.~G. and
	{Martin}, D.~C. and {Morrissey}, P. and {Neff}, S.~G. and {Small}, T. and
	{Wyder}, T.~K. and {Bianchi}, L. and {Donas}, J. and {Lee}, Y.-W. and
	{Madore}, B.~F. and {Milliard}, B. and {Szalay}, A.~S. and {Welsh}, B.~Y. and
	{Yi}, S.~K.},
    title = "{UV Star Formation Rates in the Local Universe}",
  journal = {\apjs},
archivePrefix = "arXiv",
   eprint = {0704.3611},
 keywords = {Galaxies: Active, Galaxies: Evolution, Galaxies: Fundamental Parameters, Surveys, Ultraviolet: Galaxies},
     year = 2007,
    month = dec,
   volume = 173,
    pages = {267-292},
      doi = {10.1086/519218},
   adsurl = {http://adsabs.harvard.edu/abs/2007ApJS..173..267S},
  adsnote = {Provided by the SAO/NASA Astrophysics Data System}
}

@ARTICLE{schiminovich2007,
   author = {{Schiminovich}, D. and {Wyder}, T.~K. and {Martin}, D.~C. and
  {Johnson}, B.~D. and {Salim}, S. and {Seibert}, M. and {Treyer}, M.~A. and
  {Budav{\'a}ri}, T. and {Hoopes}, C. and {Zamojski}, M. and {Barlow}, T.~A. and
  {Forster}, K.~G. and {Friedman}, P.~G. and {Morrissey}, P. and
  {Neff}, S.~G. and {Small}, T.~A. and {Bianchi}, L. and {Donas}, J. and
  {Heckman}, T.~M. and {Lee}, Y.-W. and {Madore}, B.~F. and {Milliard}, B. and
  {Rich}, R.~M. and {Szalay}, A.~S. and {Welsh}, B.~Y. and {Yi}, S.
  },
    title = "{The UV-Optical Color Magnitude Diagram. II. Physical Properties and Morphological Evolution On and Off of a Star-forming Sequence}",
  journal = {\apjs},
archivePrefix = "arXiv",
   eprint = {0711.4823},
 keywords = {Galaxies: Evolution, Galaxies: Formation, Surveys, Ultraviolet: Galaxies},
     year = 2007,
    month = dec,
   volume = 173,
    pages = {315-341},
      doi = {10.1086/524659},
   adsurl = {http://adsabs.harvard.edu/abs/2007ApJS..173..315S},
  adsnote = {Provided by the SAO/NASA Astrophysics Data System}
}



@ARTICLE{noeske2007,
   author = {{Noeske}, K.~G. and {Faber}, S.~M. and {Weiner}, B.~J. and {Koo}, D.~C. and
	{Primack}, J.~R. and {Dekel}, A. and {Papovich}, C. and {Conselice}, C.~J. and
	{Le Floc'h}, E. and {Rieke}, G.~H. and {Coil}, A.~L. and {Lotz}, J.~M. and
	{Somerville}, R.~S. and {Bundy}, K.},
    title = "{Star Formation in AEGIS Field Galaxies since z=1.1: Staged Galaxy Formation and a Model of Mass-dependent Gas Exhaustion}",
  journal = {\apjl},
   eprint = {astro-ph/0703056},
 keywords = {Galaxies: Evolution, Galaxies: Formation, Galaxies: High-Redshift, Galaxies: Starburst},
     year = 2007,
    month = may,
   volume = 660,
    pages = {L47-L50},
      doi = {10.1086/517927},
   adsurl = {http://adsabs.harvard.edu/abs/2007ApJ...660L..47N},
  adsnote = {Provided by the SAO/NASA Astrophysics Data System}
}

@ARTICLE{peng2010,
   author = {{Peng}, Y.-j. and {Lilly}, S.~J. and {Kova{\v c}}, K. and {Bolzonella}, M. and
	{Pozzetti}, L. and {Renzini}, A. and {Zamorani}, G. and {Ilbert}, O. and
	{Knobel}, C. and {Iovino}, A. and {Maier}, C. and {Cucciati}, O. and
	{Tasca}, L. and {Carollo}, C.~M. and {Silverman}, J. and {Kampczyk}, P. and
	{de Ravel}, L. and {Sanders}, D. and {Scoville}, N. and {Contini}, T. and
	{Mainieri}, V. and {Scodeggio}, M. and {Kneib}, J.-P. and {Le F{\`e}vre}, O. and
	{Bardelli}, S. and {Bongiorno}, A. and {Caputi}, K. and {Coppa}, G. and
	{de la Torre}, S. and {Franzetti}, P. and {Garilli}, B. and
	{Lamareille}, F. and {Le Borgne}, J.-F. and {Le Brun}, V. and
	{Mignoli}, M. and {Perez Montero}, E. and {Pello}, R. and {Ricciardelli}, E. and
	{Tanaka}, M. and {Tresse}, L. and {Vergani}, D. and {Welikala}, N. and
	{Zucca}, E. and {Oesch}, P. and {Abbas}, U. and {Barnes}, L. and
	{Bordoloi}, R. and {Bottini}, D. and {Cappi}, A. and {Cassata}, P. and
	{Cimatti}, A. and {Fumana}, M. and {Hasinger}, G. and {Koekemoer}, A. and
	{Leauthaud}, A. and {Maccagni}, D. and {Marinoni}, C. and {McCracken}, H. and
	{Memeo}, P. and {Meneux}, B. and {Nair}, P. and {Porciani}, C. and
	{Presotto}, V. and {Scaramella}, R.},
    title = "{Mass and Environment as Drivers of Galaxy Evolution in SDSS and zCOSMOS and the Origin of the Schechter Function}",
  journal = {\apj},
archivePrefix = "arXiv",
   eprint = {1003.4747},
 primaryClass = "astro-ph.CO",
 keywords = {cosmology: observations, galaxies: active, galaxies: distances and redshifts, galaxies: evolution},
     year = 2010,
    month = sep,
   volume = 721,
    pages = {193-221},
      doi = {10.1088/0004-637X/721/1/193},
   adsurl = {http://adsabs.harvard.edu/abs/2010ApJ...721..193P},
  adsnote = {Provided by the SAO/NASA Astrophysics Data System}
}

@ARTICLE{dimatteo2005,
   author = {{Di Matteo}, T. and {Springel}, V. and {Hernquist}, L.},
    title = "{Energy input from quasars regulates the growth and activity of black holes and their host galaxies}",
  journal = {\nat},
   eprint = {astro-ph/0502199},
     year = 2005,
    month = feb,
   volume = 433,
    pages = {604-607},
      doi = {10.1038/nature03335},
   adsurl = {http://adsabs.harvard.edu/abs/2005Natur.433..604D},
  adsnote = {Provided by the SAO/NASA Astrophysics Data System}
}

@ARTICLE{martin2007,
   author = {{Martin}, D.~C. and {Small}, T. and {Schiminovich}, D. and {Wyder}, T.~K. and
	{P{\'e}rez-Gonz{\'a}lez}, P.~G. and {Johnson}, B. and {Wolf}, C. and
	{Barlow}, T.~A. and {Forster}, K. and {Friedman}, P.~G. and
	{Morrissey}, P. and {Neff}, S.~G. and {Seibert}, M. and {Welsh}, B.~Y. and
	{Bianchi}, L. and {Donas}, J. and {Heckman}, T.~M. and {Lee}, Y.-W. and
	{Madore}, B.~F. and {Milliard}, B. and {Rich}, R.~M. and {Szalay}, A.~S. and
	{Yi}, S.~K. and {Meisenheimer}, K. and {Rieke}, G.},
    title = "{The Star Formation and Extinction Coevolution of UV-Selected Galaxies over 0.05$\lt$z$\lt$1.2}",
  journal = {\apjs},
archivePrefix = "arXiv",
   eprint = {0709.0730},
 keywords = {Galaxies: Evolution, Ultraviolet: Galaxies},
     year = 2007,
    month = dec,
   volume = 173,
    pages = {415-431},
      doi = {10.1086/522088},
   adsurl = {http://adsabs.harvard.edu/abs/2007ApJS..173..415M},
  adsnote = {Provided by the SAO/NASA Astrophysics Data System}
}

@ARTICLE{nandra2007,
   author = {{Nandra}, K. and {Georgakakis}, A. and {Willmer}, C.~N.~A. and
	{Cooper}, M.~C. and {Croton}, D.~J. and {Davis}, M. and {Faber}, S.~M. and
	{Koo}, D.~C. and {Laird}, E.~S. and {Newman}, J.~A.},
    title = "{AEGIS: The Color-Magnitude Relation for X-Ray-selected Active Galactic Nuclei}",
  journal = {\apjl},
   eprint = {astro-ph/0607270},
 keywords = {Galaxies: Active, Galaxies: Evolution, Galaxies: Nuclei, X-Rays: Galaxies},
     year = 2007,
    month = may,
   volume = 660,
    pages = {L11-L14},
      doi = {10.1086/517918},
   adsurl = {http://adsabs.harvard.edu/abs/2007ApJ...660L..11N},
  adsnote = {Provided by the SAO/NASA Astrophysics Data System}
}


@ARTICLE{schawinski2007,
   author = {{Schawinski}, K. and {Thomas}, D. and {Sarzi}, M. and {Maraston}, C. and
	{Kaviraj}, S. and {Joo}, S.-J. and {Yi}, S.~K. and {Silk}, J.
	},
    title = "{Observational evidence for AGN feedback in early-type galaxies}",
  journal = {\mnras},
archivePrefix = "arXiv",
   eprint = {0709.3015},
 keywords = {galaxies: active, galaxies: elliptical and lenticular, cD, galaxies: evolution, galaxies: formation},
     year = 2007,
    month = dec,
   volume = 382,
    pages = {1415-1431},
      doi = {10.1111/j.1365-2966.2007.12487.x},
   adsurl = {http://adsabs.harvard.edu/abs/2007MNRAS.382.1415S},
  adsnote = {Provided by the SAO/NASA Astrophysics Data System}
}

@ARTICLE{arnouts2007,
   author = {{Arnouts}, S. and {Walcher}, C.~J. and {Le F{\`e}vre}, O. and
	{Zamorani}, G. and {Ilbert}, O. and {Le Brun}, V. and {Pozzetti}, L. and
	{Bardelli}, S. and {Tresse}, L. and {Zucca}, E. and {Charlot}, S. and
	{Lamareille}, F. and {McCracken}, H.~J. and {Bolzonella}, M. and
	{Iovino}, A. and {Lonsdale}, C. and {Polletta}, M. and {Surace}, J. and
	{Bottini}, D. and {Garilli}, B. and {Maccagni}, D. and {Picat}, J.~P. and
	{Scaramella}, R. and {Scodeggio}, M. and {Vettolani}, G. and
	{Zanichelli}, A. and {Adami}, C. and {Cappi}, A. and {Ciliegi}, P. and
	{Contini}, T. and {de la Torre}, S. and {Foucaud}, S. and {Franzetti}, P. and
	{Gavignaud}, I. and {Guzzo}, L. and {Marano}, B. and {Marinoni}, C. and
	{Mazure}, A. and {Meneux}, B. and {Merighi}, R. and {Paltani}, S. and
	{Pell{\`o}}, R. and {Pollo}, A. and {Radovich}, M. and {Temporin}, S. and
	{Vergani}, D.},
    title = "{The SWIRE-VVDS-CFHTLS surveys: stellar mass assembly over the last 10 Gyr. Evidence for a major build up of the red sequence between z = 2 and z = 1}",
  journal = {\aap},
archivePrefix = "arXiv",
   eprint = {0705.2438},
 keywords = {galaxies: luminosity function, mass function, galaxies: formation},
     year = 2007,
    month = dec,
   volume = 476,
    pages = {137-150},
      doi = {10.1051/0004-6361:20077632},
   adsurl = {http://adsabs.harvard.edu/abs/2007A%26A...476..137A},
  adsnote = {Provided by the SAO/NASA Astrophysics Data System}
}

@ARTICLE{bell2004,
   author = {{Bell}, E.~F. and {Wolf}, C. and {Meisenheimer}, K. and {Rix}, H.-W. and
	{Borch}, A. and {Dye}, S. and {Kleinheinrich}, M. and {Wisotzki}, L. and
	{McIntosh}, D.~H.},
    title = "{Nearly 5000 Distant Early-Type Galaxies in COMBO-17: A Red Sequence and Its Evolution since z\~{}1}",
  journal = {\apj},
   eprint = {astro-ph/0303394},
 keywords = {Galaxies: Elliptical and Lenticular, cD, Galaxies: Evolution, Galaxies: General, Galaxies: Luminosity Function, Mass Function, Galaxies: Stellar Content, Surveys},
     year = 2004,
    month = jun,
   volume = 608,
    pages = {752-767},
      doi = {10.1086/420778},
   adsurl = {http://adsabs.harvard.edu/abs/2004ApJ...608..752B},
  adsnote = {Provided by the SAO/NASA Astrophysics Data System}
}


@ARTICLE{faber2007,
   author = {{Faber}, S.~M. and {Willmer}, C.~N.~A. and {Wolf}, C. and {Koo}, D.~C. and
	{Weiner}, B.~J. and {Newman}, J.~A. and {Im}, M. and {Coil}, A.~L. and
	{Conroy}, C. and {Cooper}, M.~C. and {Davis}, M. and {Finkbeiner}, D.~P. and
	{Gerke}, B.~F. and {Gebhardt}, K. and {Groth}, E.~J. and {Guhathakurta}, P. and
	{Harker}, J. and {Kaiser}, N. and {Kassin}, S. and {Kleinheinrich}, M. and
	{Konidaris}, N.~P. and {Kron}, R.~G. and {Lin}, L. and {Luppino}, G. and
	{Madgwick}, D.~S. and {Meisenheimer}, K. and {Noeske}, K.~G. and
	{Phillips}, A.~C. and {Sarajedini}, V.~L. and {Schiavon}, R.~P. and
	{Simard}, L. and {Szalay}, A.~S. and {Vogt}, N.~P. and {Yan}, R.
	},
    title = "{Galaxy Luminosity Functions to z\~{}1 from DEEP2 and COMBO-17: Implications for Red Galaxy Formation}",
  journal = {\apj},
   eprint = {astro-ph/0506044},
 keywords = {Galaxies: Distances and Redshifts, Galaxies: Evolution, Galaxies: Luminosity Function, Mass Function},
     year = 2007,
    month = aug,
   volume = 665,
    pages = {265-294},
      doi = {10.1086/519294},
   adsurl = {http://adsabs.harvard.edu/abs/2007ApJ...665..265F},
  adsnote = {Provided by the SAO/NASA Astrophysics Data System}
}

@ARTICLE{schiminovich2007,
   author = {{Schiminovich}, D. and {Wyder}, T.~K. and {Martin}, D.~C. and
	{Johnson}, B.~D. and {Salim}, S. and {Seibert}, M. and {Treyer}, M.~A. and
	{Budav{\'a}ri}, T. and {Hoopes}, C. and {Zamojski}, M. and {Barlow}, T.~A. and
	{Forster}, K.~G. and {Friedman}, P.~G. and {Morrissey}, P. and
	{Neff}, S.~G. and {Small}, T.~A. and {Bianchi}, L. and {Donas}, J. and
	{Heckman}, T.~M. and {Lee}, Y.-W. and {Madore}, B.~F. and {Milliard}, B. and
	{Rich}, R.~M. and {Szalay}, A.~S. and {Welsh}, B.~Y. and {Yi}, S.
	},
    title = "{The UV-Optical Color Magnitude Diagram. II. Physical Properties and Morphological Evolution On and Off of a Star-forming Sequence}",
  journal = {\apjs},
archivePrefix = "arXiv",
   eprint = {0711.4823},
 keywords = {Galaxies: Evolution, Galaxies: Formation, Surveys, Ultraviolet: Galaxies},
     year = 2007,
    month = dec,
   volume = 173,
    pages = {315-341},
      doi = {10.1086/524659},
   adsurl = {http://adsabs.harvard.edu/abs/2007ApJS..173..315S},
  adsnote = {Provided by the SAO/NASA Astrophysics Data System}
}




@ARTICLE{wyder2007,
   author = {{Wyder}, T.~K. and {Martin}, D.~C. and {Schiminovich}, D. and
	{Seibert}, M. and {Budav{\'a}ri}, T. and {Treyer}, M.~A. and
	{Barlow}, T.~A. and {Forster}, K. and {Friedman}, P.~G. and
	{Morrissey}, P. and {Neff}, S.~G. and {Small}, T. and {Bianchi}, L. and
	{Donas}, J. and {Heckman}, T.~M. and {Lee}, Y.-W. and {Madore}, B.~F. and
	{Milliard}, B. and {Rich}, R.~M. and {Szalay}, A.~S. and {Welsh}, B.~Y. and
	{Yi}, S.~K.},
    title = "{The UV-Optical Galaxy Color-Magnitude Diagram. I. Basic Properties}",
  journal = {\apjs},
archivePrefix = "arXiv",
   eprint = {0706.3938},
 keywords = {Galaxies: Evolution, Galaxies: Fundamental Parameters, Galaxies: Luminosity Function, Mass Function, Galaxies: Statistics, Ultraviolet: Galaxies},
     year = 2007,
    month = dec,
   volume = 173,
    pages = {293-314},
      doi = {10.1086/521402},
   adsurl = {http://adsabs.harvard.edu/abs/2007ApJS..173..293W},
  adsnote = {Provided by the SAO/NASA Astrophysics Data System}
}

@ARTICLE{mendez2011,
   author = {{Mendez}, A.~J. and {Coil}, A.~L. and {Lotz}, J. and {Salim}, S. and
	{Moustakas}, J. and {Simard}, L.},
    title = "{AEGIS: The Morphologies of Green Galaxies at 0.4 $\lt$ z $\lt$ 1.2}",
  journal = {\apj},
archivePrefix = "arXiv",
   eprint = {1101.3353},
 keywords = {galaxies: evolution, galaxies: high-redshift, galaxies: statistics, galaxies: structure},
     year = 2011,
    month = aug,
   volume = 736,
      eid = {110},
    pages = {110},
      doi = {10.1088/0004-637X/736/2/110},
   adsurl = {http://adsabs.harvard.edu/abs/2011ApJ...736..110M},
  adsnote = {Provided by the SAO/NASA Astrophysics Data System}
}

@ARTICLE{goncalves2012,
   author = {{Gon{\c c}alves}, T.~S. and {Martin}, D.~C. and {Men{\'e}ndez-Delmestre}, K. and
	{Wyder}, T.~K. and {Koekemoer}, A.},
    title = "{Quenching Star Formation at Intermediate Redshifts: Downsizing of the Mass Flux Density in the Green Valley}",
  journal = {\apj},
archivePrefix = "arXiv",
   eprint = {1209.4084},
 keywords = {galaxies: evolution, galaxies: luminosity function, mass function},
     year = 2012,
    month = nov,
   volume = 759,
      eid = {67},
    pages = {67},
      doi = {10.1088/0004-637X/759/1/67},
   adsurl = {http://adsabs.harvard.edu/abs/2012ApJ...759...67G},
  adsnote = {Provided by the SAO/NASA Astrophysics Data System}
}

@ARTICLE{schawinski2014,
   author = {{Schawinski}, K. and {Urry}, C.~M. and {Simmons}, B.~D. and
	{Fortson}, L. and {Kaviraj}, S. and {Keel}, W.~C. and {Lintott}, C.~J. and
	{Masters}, K.~L. and {Nichol}, R.~C. and {Sarzi}, M. and {Skibba}, R. and
	{Treister}, E. and {Willett}, K.~W. and {Wong}, O.~I. and {Yi}, S.~K.
	},
    title = "{The green valley is a red herring: Galaxy Zoo reveals two evolutionary pathways towards quenching of star formation in early- and late-type galaxies}",
  journal = {\mnras},
archivePrefix = "arXiv",
   eprint = {1402.4814},
 keywords = {galaxies: active, galaxies: elliptical and lenticular, cD, galaxies: evolution, galaxies: spiral},
     year = 2014,
    month = may,
   volume = 440,
    pages = {889-907},
      doi = {10.1093/mnras/stu327},
   adsurl = {http://adsabs.harvard.edu/abs/2014MNRAS.440..889S},
  adsnote = {Provided by the SAO/NASA Astrophysics Data System}
}

@ARTICLE{croton2006,
   author = {{Croton}, D.~J. and {Springel}, V. and {White}, S.~D.~M. and
  {De Lucia}, G. and {Frenk}, C.~S. and {Gao}, L. and {Jenkins}, A. and
  {Kauffmann}, G. and {Navarro}, J.~F. and {Yoshida}, N.},
    title = "{The many lives of active galactic nuclei: cooling flows, black holes and the luminosities and colours of galaxies}",
  journal = {\mnras},
   eprint = {astro-ph/0508046},
 keywords = {black hole physics, galaxies: active, cooling flows, galaxies: evolution, galaxies: formation, cosmology: theory},
     year = 2006,
    month = jan,
   volume = 365,
    pages = {11-28},
      doi = {10.1111/j.1365-2966.2005.09675.x},
   adsurl = {http://adsabs.harvard.edu/abs/2006MNRAS.365...11C},
  adsnote = {Provided by the SAO/NASA Astrophysics Data System}
}

@ARTICLE{hopkins2006,
   author = {{Hopkins}, P.~F. and {Hernquist}, L. and {Cox}, T.~J. and {Di Matteo}, T. and
  {Robertson}, B. and {Springel}, V.},
    title = "{A Unified, Merger-driven Model of the Origin of Starbursts, Quasars, the Cosmic X-Ray Background, Supermassive Black Holes, and Galaxy Spheroids}",
  journal = {\apjs},
   eprint = {astro-ph/0506398},
 keywords = {Cosmology: Theory, Galaxies: Active, Galaxies: Evolution, Galaxies: Nuclei, Galaxies: Quasars: General},
     year = 2006,
    month = mar,
   volume = 163,
    pages = {1-49},
      doi = {10.1086/499298},
   adsurl = {http://adsabs.harvard.edu/abs/2006ApJS..163....1H},
  adsnote = {Provided by the SAO/NASA Astrophysics Data System}
}

@ARTICLE{dekel2006,
   author = {{Dekel}, A. and {Birnboim}, Y.},
    title = "{Galaxy bimodality due to cold flows and shock heating}",
  journal = {\mnras},
   eprint = {astro-ph/0412300},
 keywords = {shock waves, cooling flows, galaxies: evolution, galaxies: formation, galaxies: haloes, dark matter},
     year = 2006,
    month = may,
   volume = 368,
    pages = {2-20},
      doi = {10.1111/j.1365-2966.2006.10145.x},
   adsurl = {http://adsabs.harvard.edu/abs/2006MNRAS.368....2D},
  adsnote = {Provided by the SAO/NASA Astrophysics Data System}
}

@ARTICLE{cattaneo2006,
   author = {{Cattaneo}, A. and {Dekel}, A. and {Devriendt}, J. and {Guiderdoni}, B. and
  {Blaizot}, J.},
    title = "{Modelling the galaxy bimodality: shutdown above a critical halo mass}",
  journal = {\mnras},
   eprint = {astro-ph/0601295},
 keywords = {shock waves: cooling flows: galaxies: evolution: galaxies: formation: galaxies: haloes: galaxies: ISM, shock waves, cooling flows, galaxies: evolution, galaxies: formation, galaxies: haloes, galaxies: ISM},
     year = 2006,
    month = aug,
   volume = 370,
    pages = {1651-1665},
      doi = {10.1111/j.1365-2966.2006.10608.x},
   adsurl = {http://adsabs.harvard.edu/abs/2006MNRAS.370.1651C},
  adsnote = {Provided by the SAO/NASA Astrophysics Data System}
}

@ARTICLE{martig2009,
   author = {{Martig}, M. and {Bournaud}, F. and {Teyssier}, R. and {Dekel}, A.
  },
    title = "{Morphological Quenching of Star Formation: Making Early-Type Galaxies Red}",
  journal = {\apj},
archivePrefix = "arXiv",
   eprint = {0905.4669},
 primaryClass = "astro-ph.CO",
 keywords = {galaxies: elliptical and lenticular, cD, galaxies: evolution, galaxies: formation},
     year = 2009,
    month = dec,
   volume = 707,
    pages = {250-267},
      doi = {10.1088/0004-637X/707/1/250},
   adsurl = {http://adsabs.harvard.edu/abs/2009ApJ...707..250M},
  adsnote = {Provided by the SAO/NASA Astrophysics Data System}
}



@ARTICLE{matthews1963,
   author = {{Matthews}, T.~A. and {Sandage}, A.~R.},
    title = "{Optical Identification of 3c 48, 3c 196, and 3c 286 with Stellar Objects.}",
  journal = {\apj},
     year = 1963,
    month = jul,
   volume = 138,
    pages = {30},
      doi = {10.1086/147615},
   adsurl = {http://adsabs.harvard.edu/abs/1963ApJ...138...30M},
  adsnote = {Provided by the SAO/NASA Astrophysics Data System}
}

@ARTICLE{hazard1963,
   author = {{Hazard}, C. and {Mackey}, M.~B. and {Shimmins}, A.~J.},
    title = "{Investigation of the Radio Source 3C 273 By The Method of Lunar Occultations}",
  journal = {\nat},
     year = 1963,
    month = mar,
   volume = 197,
    pages = {1037-1039},
      doi = {10.1038/1971037a0},
   adsurl = {http://adsabs.harvard.edu/abs/1963Natur.197.1037H},
  adsnote = {Provided by the SAO/NASA Astrophysics Data System}
}

@ARTICLE{schmidt1963,
   author = {{Schmidt}, M.},
    title = "{3C 273 : A Star-Like Object with Large Red-Shift}",
  journal = {\nat},
     year = 1963,
    month = mar,
   volume = 197,
    pages = {1040},
      doi = {10.1038/1971040a0},
   adsurl = {http://adsabs.harvard.edu/abs/1963Natur.197.1040S},
  adsnote = {Provided by the SAO/NASA Astrophysics Data System}
}

@ARTICLE{burbidge1963,
   author = {{Burbidge}, G.~R. and {Burbidge}, E.~M. and {Sandage}, A.~R.
  },
    title = "{Evidence for the Occurrence of Violent Events in the Nuclei of Galaxies}",
  journal = {Reviews of Modern Physics},
     year = 1963,
   volume = 35,
    pages = {947-972},
      doi = {10.1103/RevModPhys.35.947},
   adsurl = {http://adsabs.harvard.edu/abs/1963RvMP...35..947B},
  adsnote = {Provided by the SAO/NASA Astrophysics Data System}
}

@ARTICLE{fitch1967,
   author = {{Fitch}, W.~S. and {Pacholczyk}, A.~G. and {Weymann}, R.~J.},
    title = "{Light Variations of the Seyfert Galaxy NGC 4151}",
  journal = {\apjl},
     year = 1967,
    month = nov,
   volume = 150,
    pages = {L67},
      doi = {10.1086/180095},
   adsurl = {http://adsabs.harvard.edu/abs/1967ApJ...150L..67F},
  adsnote = {Provided by the SAO/NASA Astrophysics Data System}
}


@BOOK{zwicky1971,
   author = {{Zwicky}, F. and {Zwicky}, M.~A.},
    title = "{Catalogue of selected compact galaxies and of post-eruptive galaxies}",
 keywords = {CATALOGS, COMPACT GALAXIES},
booktitle = {Guemligen: Zwicky, |c1971},
     year = 1971,
   adsurl = {http://adsabs.harvard.edu/abs/1971cscg.book.....Z},
  adsnote = {Provided by the SAO/NASA Astrophysics Data System}
}

@ARTICLE{sargent1970,
   author = {{Sargent}, W.~L.~W.},
    title = "{A Spectroscopic Survey of Compact and Peculiar Galaxies}",
  journal = {\apj},
     year = 1970,
    month = may,
   volume = 160,
    pages = {405},
      doi = {10.1086/150443},
   adsurl = {http://adsabs.harvard.edu/abs/1970ApJ...160..405S},
  adsnote = {Provided by the SAO/NASA Astrophysics Data System}
}

@ARTICLE{khachikian1971,
   author = {{Khachikian}, E.~E. and {Weedman}, D.~W.},
    title = "{A spectroscopic study of luminous galactic nuclei.}",
  journal = {Astrofizika},
     year = 1971,
   volume = 7,
    pages = {389-406},
   adsurl = {http://adsabs.harvard.edu/abs/1971Afz.....7..389K},
  adsnote = {Provided by the SAO/NASA Astrophysics Data System}
}

@ARTICLE{khachikian1974,
   author = {{Khachikian}, E.~Y. and {Weedman}, D.~W.},
    title = "{An atlas of Seyfert galaxies}",
  journal = {\apj},
 keywords = {Astronomical Catalogs, Galactic Nuclei, Galactic Radiation, Red Shift, Seyfert Galaxies, Ubv Spectra, Astronomical Spectroscopy, Cosmology, Data Acquisition, Luminous Intensity, Quasars, Tables (Data)},
     year = 1974,
    month = sep,
   volume = 192,
    pages = {581-589},
      doi = {10.1086/153093},
   adsurl = {http://adsabs.harvard.edu/abs/1974ApJ...192..581K},
  adsnote = {Provided by the SAO/NASA Astrophysics Data System}
}

@BOOK{hubble1936,
   author = {{Hubble}, E.~P.},
    title = "{Realm of the Nebulae}",
booktitle = {Realm of the Nebulae, by E.P.~Hubble.~ New Haven: Yale University Press, 1936.~ ISBN 9780300025002},
     year = 1936,
   adsurl = {http://adsabs.harvard.edu/abs/1936rene.book.....H},
  adsnote = {Provided by the SAO/NASA Astrophysics Data System}
}


@ARTICLE{kennicutt2006,
   author = {{Kennicutt}, R.~C.},
    title = "{Astronomy: Young spirals get older}",
  journal = {\nat},
     year = 2006,
    month = aug,
   volume = 442,
    pages = {753-754},
      doi = {10.1038/442753a},
   adsurl = {http://adsabs.harvard.edu/abs/2006Natur.442..753K},
  adsnote = {Provided by the SAO/NASA Astrophysics Data System}
}

@ARTICLE{york2000,
   author = {{York}, D.~G. and {Adelman}, J. and {Anderson}, Jr., J.~E. and
  {Anderson}, S.~F. and {Annis}, J. and {Bahcall}, N.~A. and {Bakken}, J.~A. and
  {Barkhouser}, R. and {Bastian}, S. and {Berman}, E. and {Boroski}, W.~N. and
  {Bracker}, S. and {Briegel}, C. and {Briggs}, J.~W. and {Brinkmann}, J. and
  {Brunner}, R. and {Burles}, S. and {Carey}, L. and {Carr}, M.~A. and
  {Castander}, F.~J. and {Chen}, B. and {Colestock}, P.~L. and
  {Connolly}, A.~J. and {Crocker}, J.~H. and {Csabai}, I. and
  {Czarapata}, P.~C. and {Davis}, J.~E. and {Doi}, M. and {Dombeck}, T. and
  {Eisenstein}, D. and {Ellman}, N. and {Elms}, B.~R. and {Evans}, M.~L. and
  {Fan}, X. and {Federwitz}, G.~R. and {Fiscelli}, L. and {Friedman}, S. and
  {Frieman}, J.~A. and {Fukugita}, M. and {Gillespie}, B. and
  {Gunn}, J.~E. and {Gurbani}, V.~K. and {de Haas}, E. and {Haldeman}, M. and
  {Harris}, F.~H. and {Hayes}, J. and {Heckman}, T.~M. and {Hennessy}, G.~S. and
  {Hindsley}, R.~B. and {Holm}, S. and {Holmgren}, D.~J. and {Huang}, C.-h. and
  {Hull}, C. and {Husby}, D. and {Ichikawa}, S.-I. and {Ichikawa}, T. and
  {Ivezi{\'c}}, {\v Z}. and {Kent}, S. and {Kim}, R.~S.~J. and
  {Kinney}, E. and {Klaene}, M. and {Kleinman}, A.~N. and {Kleinman}, S. and
  {Knapp}, G.~R. and {Korienek}, J. and {Kron}, R.~G. and {Kunszt}, P.~Z. and
  {Lamb}, D.~Q. and {Lee}, B. and {Leger}, R.~F. and {Limmongkol}, S. and
  {Lindenmeyer}, C. and {Long}, D.~C. and {Loomis}, C. and {Loveday}, J. and
  {Lucinio}, R. and {Lupton}, R.~H. and {MacKinnon}, B. and {Mannery}, E.~J. and
  {Mantsch}, P.~M. and {Margon}, B. and {McGehee}, P. and {McKay}, T.~A. and
  {Meiksin}, A. and {Merelli}, A. and {Monet}, D.~G. and {Munn}, J.~A. and
  {Narayanan}, V.~K. and {Nash}, T. and {Neilsen}, E. and {Neswold}, R. and
  {Newberg}, H.~J. and {Nichol}, R.~C. and {Nicinski}, T. and
  {Nonino}, M. and {Okada}, N. and {Okamura}, S. and {Ostriker}, J.~P. and
  {Owen}, R. and {Pauls}, A.~G. and {Peoples}, J. and {Peterson}, R.~L. and
  {Petravick}, D. and {Pier}, J.~R. and {Pope}, A. and {Pordes}, R. and
  {Prosapio}, A. and {Rechenmacher}, R. and {Quinn}, T.~R. and
  {Richards}, G.~T. and {Richmond}, M.~W. and {Rivetta}, C.~H. and
  {Rockosi}, C.~M. and {Ruthmansdorfer}, K. and {Sandford}, D. and
  {Schlegel}, D.~J. and {Schneider}, D.~P. and {Sekiguchi}, M. and
  {Sergey}, G. and {Shimasaku}, K. and {Siegmund}, W.~A. and {Smee}, S. and
  {Smith}, J.~A. and {Snedden}, S. and {Stone}, R. and {Stoughton}, C. and
  {Strauss}, M.~A. and {Stubbs}, C. and {SubbaRao}, M. and {Szalay}, A.~S. and
  {Szapudi}, I. and {Szokoly}, G.~P. and {Thakar}, A.~R. and {Tremonti}, C. and
  {Tucker}, D.~L. and {Uomoto}, A. and {Vanden Berk}, D. and {Vogeley}, M.~S. and
  {Waddell}, P. and {Wang}, S.-i. and {Watanabe}, M. and {Weinberg}, D.~H. and
  {Yanny}, B. and {Yasuda}, N. and {SDSS Collaboration}},
    title = "{The Sloan Digital Sky Survey: Technical Summary}",
  journal = {\aj},
   eprint = {astro-ph/0006396},
 keywords = {Cosmology: Observations, Instrumentation: Miscellaneous},
     year = 2000,
    month = sep,
   volume = 120,
    pages = {1579-1587},
      doi = {10.1086/301513},
   adsurl = {http://adsabs.harvard.edu/abs/2000AJ....120.1579Y},
  adsnote = {Provided by the SAO/NASA Astrophysics Data System}
}




@ARTICLE{strauss2002,
   author = {{Strauss}, M.~A. and {Weinberg}, D.~H. and {Lupton}, R.~H. and
  {Narayanan}, V.~K. and {Annis}, J. and {Bernardi}, M. and {Blanton}, M. and
  {Burles}, S. and {Connolly}, A.~J. and {Dalcanton}, J. and {Doi}, M. and
  {Eisenstein}, D. and {Frieman}, J.~A. and {Fukugita}, M. and
  {Gunn}, J.~E. and {Ivezi{\'c}}, {\v Z}. and {Kent}, S. and {Kim}, R.~S.~J. and
  {Knapp}, G.~R. and {Kron}, R.~G. and {Munn}, J.~A. and {Newberg}, H.~J. and
  {Nichol}, R.~C. and {Okamura}, S. and {Quinn}, T.~R. and {Richmond}, M.~W. and
  {Schlegel}, D.~J. and {Shimasaku}, K. and {SubbaRao}, M. and
  {Szalay}, A.~S. and {Vanden Berk}, D. and {Vogeley}, M.~S. and
  {Yanny}, B. and {Yasuda}, N. and {York}, D.~G. and {Zehavi}, I.
  },
    title = "{Spectroscopic Target Selection in the Sloan Digital Sky Survey: The Main Galaxy Sample}",
  journal = {\aj},
   eprint = {astro-ph/0206225},
 keywords = {Galaxies: Distances and Redshifts, Galaxies: Photometry, Surveys},
     year = 2002,
    month = sep,
   volume = 124,
    pages = {1810-1824},
      doi = {10.1086/342343},
   adsurl = {http://adsabs.harvard.edu/abs/2002AJ....124.1810S},
  adsnote = {Provided by the SAO/NASA Astrophysics Data System}
}

@ARTICLE{strateva2001,
   author = {{Strateva}, I. and {Ivezi{\'c}}, {\v Z}. and {Knapp}, G.~R. and
  {Narayanan}, V.~K. and {Strauss}, M.~A. and {Gunn}, J.~E. and
  {Lupton}, R.~H. and {Schlegel}, D. and {Bahcall}, N.~A. and
  {Brinkmann}, J. and {Brunner}, R.~J. and {Budav{\'a}ri}, T. and
  {Csabai}, I. and {Castander}, F.~J. and {Doi}, M. and {Fukugita}, M. and
  {Gy{\H o}ry}, Z. and {Hamabe}, M. and {Hennessy}, G. and {Ichikawa}, T. and
  {Kunszt}, P.~Z. and {Lamb}, D.~Q. and {McKay}, T.~A. and {Okamura}, S. and
  {Racusin}, J. and {Sekiguchi}, M. and {Schneider}, D.~P. and
  {Shimasaku}, K. and {York}, D.},
    title = "{Color Separation of Galaxy Types in the Sloan Digital Sky Survey Imaging Data}",
  journal = {\aj},
   eprint = {astro-ph/0107201},
 keywords = {Galaxies: Fundamental Parameters},
     year = 2001,
    month = oct,
   volume = 122,
    pages = {1861-1874},
      doi = {10.1086/323301},
   adsurl = {http://adsabs.harvard.edu/abs/2001AJ....122.1861S},
  adsnote = {Provided by the SAO/NASA Astrophysics Data System}
}


@ARTICLE{baldry2004,
   author = {{Baldry}, I.~K. and {Glazebrook}, K. and {Brinkmann}, J. and
  {Ivezi{\'c}}, {\v Z}. and {Lupton}, R.~H. and {Nichol}, R.~C. and
  {Szalay}, A.~S.},
    title = "{Quantifying the Bimodal Color-Magnitude Distribution of Galaxies}",
  journal = {\apj},
   eprint = {astro-ph/0309710},
 keywords = {Galaxies: Evolution, Galaxies: Fundamental Parameters, Galaxies: Luminosity Function, Mass Function, Galaxies: Photometry},
     year = 2004,
    month = jan,
   volume = 600,
    pages = {681-694},
      doi = {10.1086/380092},
   adsurl = {http://adsabs.harvard.edu/abs/2004ApJ...600..681B},
  adsnote = {Provided by the SAO/NASA Astrophysics Data System}
}

@ARTICLE{kauffmann2003,
   author = {{Kauffmann}, G. and {Heckman}, T.~M. and {White}, S.~D.~M. and
  {Charlot}, S. and {Tremonti}, C. and {Brinchmann}, J. and {Bruzual}, G. and
  {Peng}, E.~W. and {Seibert}, M. and {Bernardi}, M. and {Blanton}, M. and
  {Brinkmann}, J. and {Castander}, F. and {Cs{\'a}bai}, I. and
  {Fukugita}, M. and {Ivezic}, Z. and {Munn}, J.~A. and {Nichol}, R.~C. and
  {Padmanabhan}, N. and {Thakar}, A.~R. and {Weinberg}, D.~H. and
  {York}, D.},
    title = "{Stellar masses and star formation histories for 10$^{5}$ galaxies from the Sloan Digital Sky Survey}",
  journal = {\mnras},
   eprint = {astro-ph/0204055},
 keywords = {galaxies: evolution, galaxies: formation, galaxies: stellar content},
     year = 2003,
    month = may,
   volume = 341,
    pages = {33-53},
      doi = {10.1046/j.1365-8711.2003.06291.x},
   adsurl = {http://adsabs.harvard.edu/abs/2003MNRAS.341...33K},
  adsnote = {Provided by the SAO/NASA Astrophysics Data System}
}


@ARTICLE{bell2004,
   author = {{Bell}, E.~F. and {Wolf}, C. and {Meisenheimer}, K. and {Rix}, H.-W. and
  {Borch}, A. and {Dye}, S. and {Kleinheinrich}, M. and {Wisotzki}, L. and
  {McIntosh}, D.~H.},
    title = "{Nearly 5000 Distant Early-Type Galaxies in COMBO-17: A Red Sequence and Its Evolution since z\~{}1}",
  journal = {\apj},
   eprint = {astro-ph/0303394},
 keywords = {Galaxies: Elliptical and Lenticular, cD, Galaxies: Evolution, Galaxies: General, Galaxies: Luminosity Function, Mass Function, Galaxies: Stellar Content, Surveys},
     year = 2004,
    month = jun,
   volume = 608,
    pages = {752-767},
      doi = {10.1086/420778},
   adsurl = {http://adsabs.harvard.edu/abs/2004ApJ...608..752B},
  adsnote = {Provided by the SAO/NASA Astrophysics Data System}
}

@ARTICLE{faber2007,
   author = {{Faber}, S.~M. and {Willmer}, C.~N.~A. and {Wolf}, C. and {Koo}, D.~C. and
  {Weiner}, B.~J. and {Newman}, J.~A. and {Im}, M. and {Coil}, A.~L. and
  {Conroy}, C. and {Cooper}, M.~C. and {Davis}, M. and {Finkbeiner}, D.~P. and
  {Gerke}, B.~F. and {Gebhardt}, K. and {Groth}, E.~J. and {Guhathakurta}, P. and
  {Harker}, J. and {Kaiser}, N. and {Kassin}, S. and {Kleinheinrich}, M. and
  {Konidaris}, N.~P. and {Kron}, R.~G. and {Lin}, L. and {Luppino}, G. and
  {Madgwick}, D.~S. and {Meisenheimer}, K. and {Noeske}, K.~G. and
  {Phillips}, A.~C. and {Sarajedini}, V.~L. and {Schiavon}, R.~P. and
  {Simard}, L. and {Szalay}, A.~S. and {Vogt}, N.~P. and {Yan}, R.
  },
    title = "{Galaxy Luminosity Functions to z\~{}1 from DEEP2 and COMBO-17: Implications for Red Galaxy Formation}",
  journal = {\apj},
   eprint = {astro-ph/0506044},
 keywords = {Galaxies: Distances and Redshifts, Galaxies: Evolution, Galaxies: Luminosity Function, Mass Function},
     year = 2007,
    month = aug,
   volume = 665,
    pages = {265-294},
      doi = {10.1086/519294},
   adsurl = {http://adsabs.harvard.edu/abs/2007ApJ...665..265F},
  adsnote = {Provided by the SAO/NASA Astrophysics Data System}
}


@ARTICLE{trager2000,
   author = {{Trager}, S.~C. and {Faber}, S.~M. and {Worthey}, G. and {Gonz{\'a}lez}, J.~J.
  },
    title = "{The Stellar Population Histories of Local Early-Type Galaxies. I. Population Parameters}",
  journal = {\aj},
   eprint = {astro-ph/0001072},
 keywords = {GALAXIES: ABUNDANCES, GALAXIES: ELLIPTICAL AND LENTICULAR, CD, GALAXIES: EVOLUTION, GALAXIES: STELLAR CONTENT},
     year = 2000,
    month = apr,
   volume = 119,
    pages = {1645-1676},
      doi = {10.1086/301299},
   adsurl = {http://adsabs.harvard.edu/abs/2000AJ....119.1645T},
  adsnote = {Provided by the SAO/NASA Astrophysics Data System}
}


@ARTICLE{eggen1962,
   author = {{Eggen}, O.~J. and {Lynden-Bell}, D. and {Sandage}, A.~R.},
    title = "{Evidence from the motions of old stars that the Galaxy collapsed.}",
  journal = {\apj},
     year = 1962,
    month = nov,
   volume = 136,
    pages = {748},
      doi = {10.1086/147433},
   adsurl = {http://adsabs.harvard.edu/abs/1962ApJ...136..748E},
  adsnote = {Provided by the SAO/NASA Astrophysics Data System}
}

@ARTICLE{kaufmann2006,
   author = {{Kauffmann}, G. and {Heckman}, T.~M. and {De Lucia}, G. and
  {Brinchmann}, J. and {Charlot}, S. and {Tremonti}, C. and {White}, S.~D.~M. and
  {Brinkmann}, J.},
    title = "{Gas infall and stochastic star formation in galaxies in the local universe}",
  journal = {\mnras},
   eprint = {astro-ph/0510405},
 keywords = {galaxies: evolution, galaxies: formation, galaxies: fundamental parameters, galaxies: haloes, galaxies: starburst, galaxies: statistics},
     year = 2006,
    month = apr,
   volume = 367,
    pages = {1394-1408},
      doi = {10.1111/j.1365-2966.2006.10061.x},
   adsurl = {http://adsabs.harvard.edu/abs/2006MNRAS.367.1394K},
  adsnote = {Provided by the SAO/NASA Astrophysics Data System}
}


@ARTICLE{cid2005,
   author = {{Cid Fernandes}, R. and {Gonz{\'a}lez Delgado}, R.~M. and {Storchi-Bergmann}, T. and
  {Martins}, L.~P. and {Schmitt}, H.},
    title = "{The stellar populations of low-luminosity active galactic nuclei - III. Spatially resolved spectral properties}",
  journal = {\mnras},
   eprint = {astro-ph/0410155},
 keywords = {galaxies: active, galaxies: nuclei, galaxies: Seyfert, galaxies: statistics, galaxies: stellar content},
     year = 2005,
    month = jan,
   volume = 356,
    pages = {270-294},
      doi = {10.1111/j.1365-2966.2004.08452.x},
   adsurl = {http://adsabs.harvard.edu/abs/2005MNRAS.356..270C},
  adsnote = {Provided by the SAO/NASA Astrophysics Data System}
}



@ARTICLE{barnes1996,
   author = {{Barnes}, J.~E. and {Hernquist}, L.},
    title = "{Transformations of Galaxies. II. Gasdynamics in Merging Disk Galaxies}",
  journal = {\apj},
 keywords = {GALAXIES: INTERACTIONS, GALAXIES: STRUCTURE, HYDRODYNAMICS, METHODS: NUMERICAL},
     year = 1996,
    month = nov,
   volume = 471,
    pages = {115},
      doi = {10.1086/177957},
   adsurl = {http://adsabs.harvard.edu/abs/1996ApJ...471..115B},
  adsnote = {Provided by the SAO/NASA Astrophysics Data System}
}


@ARTICLE{pipe1,
   author = {{S{\'a}nchez}, S.~F. and {P{\'e}rez}, E. and {S{\'a}nchez-Bl{\'a}zquez}, P. and
  {Gonz{\'a}lez}, J.~J. and {Rosales-Ortega}, F.~F. and {Cano-D{\'{\i}}az}, M. and
  {L{\'o}pez-Cob{\'a}}, C. and {Marino}, R.~A. and {Gil de Paz}, A. and
  {Moll{\'a}}, M. and {L{\'o}pez-S{\'a}nchez}, A.~R. and {Ascasibar}, Y. and
  {Barrera-Ballesteros}, J.},
    title = "{Pipe3D, a pipeline to analyze Integral Field Spectroscopy data: I. New fitting phylosophy of FIT3D}",
  journal = {ArXiv e-prints},
archivePrefix = "arXiv",
   eprint = {1509.08552},
 primaryClass = "astro-ph.IM",
 keywords = {Astrophysics - Instrumentation and Methods for Astrophysics, Astrophysics - Astrophysics of Galaxies},
     year = 2015,
    month = sep,
   adsurl = {http://adsabs.harvard.edu/abs/2015arXiv150908552S},
  adsnote = {Provided by the SAO/NASA Astrophysics Data System}
}



@ARTICLE{pipe2,
   author = {{S{\'a}nchez}, S.~F. and {P{\'e}rez}, E. and {S{\'a}nchez-Bl{\'a}zquez}, P. and
  {Garc{\'{\i}}a-Benito}, R. and {Ibarra-Mede}, H.~J. and {Gonz{\'a}lez}, J.~J. and
  {Rosales-Ortega}, F.~F. and {S{\'a}nchez-Menguiano}, L. and
  {Ascasibar}, Y. and {Bitsakis}, T. and {Law}, D. and {Cano-D{\'{\i}}az}, M. and
  {L{\'o}pez-Cob{\'a}}, C. and {Marino}, R.~A. and {Gil de Paz}, A. and
  {L{\'o}pez-S{\'a}nchez}, A.~R. and {Barrera-Ballesteros}, J. and
  {Galbany}, L. and {Mast}, D. and {Abril-Melgarejo}, V. and {Roman-Lopes}, A.
  },
    title = "{Pipe3D, a pipeline to analyse integral field spectroscopy data: II. Analysis sequence and CALIFA dataproducts}",
  journal = {ArXiv e-prints},
archivePrefix = "arXiv",
   eprint = {1602.01830},
 primaryClass = "astro-ph.IM",
 keywords = {Astrophysics - Instrumentation and Methods for Astrophysics, Astrophysics - Astrophysics of Galaxies},
     year = 2016,
    month = feb,
   adsurl = {http://adsabs.harvard.edu/abs/2016arXiv160201830S},
  adsnote = {Provided by the SAO/NASA Astrophysics Data System}
}

@ARTICLE{cano2016,
   author = {{Cano-D{\'{\i}}az}, M. and {S{\'a}nchez}, S.~F. and {Zibetti}, S. and
  {Ascasibar}, Y. and {Bland-Hawthorn}, J. and {Ziegler}, B. and
  {Gonz{\'a}lez Delgado}, R.~M. and {Walcher}, C.~J. and {Garc{\'{\i}}a-Benito}, R. and
  {Mast}, D. and {Mendoza-P{\'e}rez}, M.~A. and {Falc{\'o}n-Barroso}, J. and
  {Galbany}, L. and {Husemann}, B. and {Kehrig}, C. and {Marino}, R.~A. and
  {S{\'a}nchez-Bl{\'a}zquez}, P. and {L{\'o}pez-Cob{\'a}}, C. and
  {L{\'o}pez-S{\'a}nchez}, A.~R. and {Vilchez}, J.~M.},
    title = "{Spatially-Resolved Star Formation Main Sequence of Galaxies in the CALIFA Survey}",
  journal = {ArXiv e-prints},
archivePrefix = "arXiv",
   eprint = {1602.02770},
 keywords = {Astrophysics - Astrophysics of Galaxies},
     year = 2016,
    month = feb,
   adsurl = {http://adsabs.harvard.edu/abs/2016arXiv160202770C},
  adsnote = {Provided by the SAO/NASA Astrophysics Data System}
}

@ARTICLE{sanchez2015,
   author = {{S{\'a}nchez}, S. and {S{\'a}nchez-Menguiano}, L. and {Marino}, R. and
  {Rosales-Ortega}, F. and {P{\'e}rez}, I. and {de Paz}, A. and
  {P{\'e}rez}, E. and {Walcher}, C. and {L{\'o}pez-Cob{\'a}}, C. and
  {CALIFA Collaboration}},
    title = "{The CALIFA Survey: Exploring the Oxygen Abundance in the Local Universe}",
  journal = {Galaxies},
     year = 2015,
    month = nov,
   volume = 3,
    pages = {164-183},
      doi = {10.3390/galaxies3040164},
   adsurl = {http://adsabs.harvard.edu/abs/2015Galax...3..164S},
  adsnote = {Provided by the SAO/NASA Astrophysics Data System}
}

@incollection{Pele_2010,
  doi = {10.1007/978-3-642-15552-9_54},
  url = {http://dx.doi.org/10.1007/978-3-642-15552-9_54},
  year = {2010},
  publisher = {Springer Science {\&} Business Media},
  pages = {749--762},
  author = {Ofir Pele and Michael Werman},
  title = {{The Quadratic-Chi Histogram Distance Family}},
  booktitle = {Computer Vision {\textendash} {ECCV} 2010},
}


@book{Devore_2012,
  doi = {10.1007/978-1-4614-0391-3},
  url = {http://dx.doi.org/10.1007/978-1-4614-0391-3},
  year = {2012},
  publisher = {Springer New York},
  author = {Jay L. Devore and Kenneth N. Berk},
  title = {{Modern Mathematical Statistics with Applications}},
}

@article{Ahonen_2006,
  doi = {10.1109/tpami.2006.244},
  url = {http://dx.doi.org/10.1109/TPAMI.2006.244},
  year = {2006},
  month = {dec},
  publisher = {Institute of Electrical {\&} Electronics Engineers ({IEEE})},
  volume = {28},
  number = {12},
  pages = {2037--2041},
  author = {T. Ahonen and A. Hadid and M. Pietikainen},
  title = {{Face Description with Local Binary Patterns: Application to Face Recognition}},
  journal = {{IEEE} Transactions on Pattern Analysis and Machine Intelligence},
}

@article{Cha_2002,
  doi = {10.1016/s0031-3203(01)00118-2},
  url = {http://dx.doi.org/10.1016/S0031-3203(01)00118-2},
  year = {2002},
  month = {jun},
  publisher = {Elsevier {BV}},
  volume = {35},
  number = {6},
  pages = {1355--1370},
  author = {Sung-Hyuk Cha and Sargur N. Srihari},
  title = {{On measuring the distance between histograms}},
  journal = {Pattern Recognition},
}

@ARTICLE{martin2005,
   author = {{Martin}, D.~C. and {Fanson}, J. and {Schiminovich}, D. and
  {Morrissey}, P. and {Friedman}, P.~G. and {Barlow}, T.~A. and
  {Conrow}, T. and {Grange}, R. and {Jelinsky}, P.~N. and {Milliard}, B. and
  {Siegmund}, O.~H.~W. and {Bianchi}, L. and {Byun}, Y.-I. and
  {Donas}, J. and {Forster}, K. and {Heckman}, T.~M. and {Lee}, Y.-W. and
  {Madore}, B.~F. and {Malina}, R.~F. and {Neff}, S.~G. and {Rich}, R.~M. and
  {Small}, T. and {Surber}, F. and {Szalay}, A.~S. and {Welsh}, B. and
  {Wyder}, T.~K.},
    title = "{The Galaxy Evolution Explorer: A Space Ultraviolet Survey Mission}",
  journal = {\apjl},
   eprint = {astro-ph/0411302},
 keywords = {Galaxies: Evolution, Galaxies: General, Space Vehicles: Instruments, Surveys, Ultraviolet: Galaxies, Ultraviolet: General},
     year = 2005,
    month = jan,
   volume = 619,
    pages = {L1-L6},
      doi = {10.1086/426387},
   adsurl = {http://adsabs.harvard.edu/abs/2005ApJ...619L...1M},
  adsnote = {Provided by the SAO/NASA Astrophysics Data System}
}

@ARTICLE{bower2006,
   author = {{Bower}, R.~G. and {Benson}, A.~J. and {Malbon}, R. and {Helly}, J.~C. and
  {Frenk}, C.~S. and {Baugh}, C.~M. and {Cole}, S. and {Lacey}, C.~G.
  },
    title = "{Breaking the hierarchy of galaxy formation}",
  journal = {\mnras},
   eprint = {astro-ph/0511338},
 keywords = {galaxies: evolution: galaxies: formation: galaxies: luminosity function, galaxies: evolution, galaxies: formation, galaxies: luminosity function},
     year = 2006,
    month = aug,
   volume = 370,
    pages = {645-655},
      doi = {10.1111/j.1365-2966.2006.10519.x},
   adsurl = {http://adsabs.harvard.edu/abs/2006MNRAS.370..645B},
  adsnote = {Provided by the SAO/NASA Astrophysics Data System}
}

@ARTICLE{heckman2004,
   author = {{Heckman}, T.~M. and {Kauffmann}, G. and {Brinchmann}, J. and
  {Charlot}, S. and {Tremonti}, C. and {White}, S.~D.~M.},
    title = "{Present-Day Growth of Black Holes and Bulges: The Sloan Digital Sky Survey Perspective}",
  journal = {\apj},
   eprint = {astro-ph/0406218},
 keywords = {Galaxies: Active, Galaxies: Bulges, Galaxies: Evolution, Galaxies: Nuclei, Galaxies: Stellar Content},
     year = 2004,
    month = sep,
   volume = 613,
    pages = {109-118},
      doi = {10.1086/422872},
   adsurl = {http://adsabs.harvard.edu/abs/2004ApJ...613..109H},
  adsnote = {Provided by the SAO/NASA Astrophysics Data System}
}

@ARTICLE{cheung2012,
   author = {{Cheung}, E. and {Faber}, S.~M. and {Koo}, D.~C. and {Dutton}, A.~A. and
  {Simard}, L. and {McGrath}, E.~J. and {Huang}, J.-S. and {Bell}, E.~F. and
  {Dekel}, A. and {Fang}, J.~J. and {Salim}, S. and {Barro}, G. and
  {Bundy}, K. and {Coil}, A.~L. and {Cooper}, M.~C. and {Conselice}, C.~J. and
  {Davis}, M. and {Dom{\'{\i}}nguez}, A. and {Kassin}, S.~A. and
  {Kocevski}, D.~D. and {Koekemoer}, A.~M. and {Lin}, L. and {Lotz}, J.~M. and
  {Newman}, J.~A. and {Phillips}, A.~C. and {Rosario}, D.~J. and
  {Weiner}, B.~J. and {Willmer}, C.~N.~A.},
    title = "{The Dependence of Quenching upon the Inner Structure of Galaxies at 0.5 $\lt$= z $\lt$ 0.8 in the DEEP2/AEGIS Survey}",
  journal = {\apj},
archivePrefix = "arXiv",
   eprint = {1210.4173},
 keywords = {galaxies: bulges, galaxies: evolution, galaxies: formation, galaxies: fundamental parameters, galaxies: structure},
     year = 2012,
    month = dec,
   volume = 760,
      eid = {131},
    pages = {131},
      doi = {10.1088/0004-637X/760/2/131},
   adsurl = {http://adsabs.harvard.edu/abs/2012ApJ...760..131C},
  adsnote = {Provided by the SAO/NASA Astrophysics Data System}
}

@ARTICLE{bluck2014,
   author = {{Bluck}, A.~F.~L. and {Mendel}, J.~T. and {Ellison}, S.~L. and
  {Moreno}, J. and {Simard}, L. and {Patton}, D.~R. and {Starkenburg}, E.
  },
    title = "{Bulge mass is king: the dominant role of the bulge in determining the fraction of passive galaxies in the Sloan Digital Sky Survey}",
  journal = {\mnras},
archivePrefix = "arXiv",
   eprint = {1403.5269},
 keywords = {galaxies: bulges, galaxies: evolution, galaxies: formation, galaxies: haloes, galaxies: star formation, galaxies: structure},
     year = 2014,
    month = jun,
   volume = 441,
    pages = {599-629},
      doi = {10.1093/mnras/stu594},
   adsurl = {http://adsabs.harvard.edu/abs/2014MNRAS.441..599B},
  adsnote = {Provided by the SAO/NASA Astrophysics Data System}
}



@ARTICLE{kormendy2009,
   author = {{Kormendy}, J. and {Fisher}, D.~B. and {Cornell}, M.~E. and
  {Bender}, R.},
    title = "{Structure and Formation of Elliptical and Spheroidal Galaxies}",
  journal = {\apjs},
archivePrefix = "arXiv",
   eprint = {0810.1681},
 keywords = {galaxies: elliptical and lenticular, cD, galaxies: evolution, galaxies: formation, galaxies: nuclei, galaxies: photometry, galaxies: structure},
     year = 2009,
    month = may,
   volume = 182,
    pages = {216-309},
      doi = {10.1088/0067-0049/182/1/216},
   adsurl = {http://adsabs.harvard.edu/abs/2009ApJS..182..216K},
  adsnote = {Provided by the SAO/NASA Astrophysics Data System}
}

@ARTICLE{bacon2001,
   author = {{Bacon}, R. and {Copin}, Y. and {Monnet}, G. and {Miller}, B.~W. and
  {Allington-Smith}, J.~R. and {Bureau}, M. and {Carollo}, C.~M. and
  {Davies}, R.~L. and {Emsellem}, E. and {Kuntschner}, H. and
  {Peletier}, R.~F. and {Verolme}, E.~K. and {de Zeeuw}, P.~T.
  },
    title = "{The SAURON project - I. The panoramic integral-field spectrograph}",
  journal = {\mnras},
   eprint = {astro-ph/0103451},
 keywords = {INSTRUMENTATION: SPECTROGRAPHS, GALAXIES: ELLIPTICAL AND LENTICULAR, CD, GALAXIES: INDIVIDUAL: NGC 3377, GALAXIES: KINEMATICS AND DYNAMICS, GALAXIES: SPIRAL, GALAXIES: STELLAR CONTENT},
     year = 2001,
    month = sep,
   volume = 326,
    pages = {23-35},
      doi = {10.1046/j.1365-8711.2001.04612.x},
   adsurl = {http://adsabs.harvard.edu/abs/2001MNRAS.326...23B},
  adsnote = {Provided by the SAO/NASA Astrophysics Data System}
}

@ARTICLE{perez2013,
   author = {{P{\'e}rez}, E. and {Cid Fernandes}, R. and {Gonz{\'a}lez Delgado}, R.~M. and
  {Garc{\'{\i}}a-Benito}, R. and {S{\'a}nchez}, S.~F. and {Husemann}, B. and
  {Mast}, D. and {Rod{\'o}n}, J.~R. and {Kupko}, D. and {Backsmann}, N. and
  {de Amorim}, A.~L. and {van de Ven}, G. and {Walcher}, J. and
  {Wisotzki}, L. and {Cortijo-Ferrero}, C. and {CALIFA Collaboration}
  },
    title = "{The Evolution of Galaxies Resolved in Space and Time: A View of Inside-out Growth from the CALIFA Survey}",
  journal = {\apjl},
archivePrefix = "arXiv",
   eprint = {1301.1679},
 primaryClass = "astro-ph.CO",
 keywords = {galaxies: bulges, galaxies: evolution, galaxies: fundamental parameters, galaxies: stellar content, galaxies: structure},
     year = 2013,
    month = feb,
   volume = 764,
      eid = {L1},
    pages = {L1},
      doi = {10.1088/2041-8205/764/1/L1},
   adsurl = {http://adsabs.harvard.edu/abs/2013ApJ...764L...1P},
  adsnote = {Provided by the SAO/NASA Astrophysics Data System}
}

@ARTICLE{gonzalez2014,
   author = {{Gonz{\'a}lez Delgado}, R.~M. and {P{\'e}rez}, E. and {Cid Fernandes}, R. and
  {Garc{\'{\i}}a-Benito}, R. and {de Amorim}, A.~L. and {S{\'a}nchez}, S.~F. and
  {Husemann}, B. and {Cortijo-Ferrero}, C. and {L{\'o}pez Fern{\'a}ndez}, R. and
  {S{\'a}nchez-Bl{\'a}zquez}, P. and {Bekeraite}, S. and {Walcher}, C.~J. and
  {Falc{\'o}n-Barroso}, J. and {Gallazzi}, A. and {van de Ven}, G. and
  {Alves}, J. and {Bland-Hawthorn}, J. and {Kennicutt}, R.~C. and
  {Kupko}, D. and {Lyubenova}, M. and {Mast}, D. and {Moll{\'a}}, M. and
  {Marino}, R.~A. and {Quirrenbach}, A. and {V{\'{\i}}lchez}, J.~M. and
  {Wisotzki}, L.},
    title = "{The star formation history of CALIFA galaxies: Radial structures}",
  journal = {\aap},
archivePrefix = "arXiv",
   eprint = {1310.5517},
 keywords = {galaxies: evolution, galaxies: stellar content, galaxies: structure, galaxies: fundamental parameters, galaxies: bulges, galaxies: spiral},
     year = 2014,
    month = feb,
   volume = 562,
      eid = {A47},
    pages = {A47},
      doi = {10.1051/0004-6361/201322011},
   adsurl = {http://adsabs.harvard.edu/abs/2014A%26A...562A..47G},
  adsnote = {Provided by the SAO/NASA Astrophysics Data System}
}

@ARTICLE{gonzalez2015,
   author = {{Gonz{\'a}lez Delgado}, R.~M. and {Garc{\'{\i}}a-Benito}, R. and
  {P{\'e}rez}, E. and {Cid Fernandes}, R. and {de Amorim}, A.~L. and
  {Cortijo-Ferrero}, C. and {Lacerda}, E.~A.~D. and {L{\'o}pez Fern{\'a}ndez}, R. and
  {Vale-Asari}, N. and {S{\'a}nchez}, S.~F. and {Moll{\'a}}, M. and
  {Ruiz-Lara}, T. and {S{\'a}nchez-Bl{\'a}zquez}, P. and {Walcher}, C.~J. and
  {Alves}, J. and {Aguerri}, J.~A.~L. and {Bekerait{\'e}}, S. and
  {Bland-Hawthorn}, J. and {Galbany}, L. and {Gallazzi}, A. and
  {Husemann}, B. and {Iglesias-P{\'a}ramo}, J. and {Kalinova}, V. and
  {L{\'o}pez-S{\'a}nchez}, A.~R. and {Marino}, R.~A. and {M{\'a}rquez}, I. and
  {Masegosa}, J. and {Mast}, D. and {M{\'e}ndez-Abreu}, J. and
  {Mendoza}, A. and {del Olmo}, A. and {P{\'e}rez}, I. and {Quirrenbach}, A. and
  {Zibetti}, S.},
    title = "{The CALIFA survey across the Hubble sequence. Spatially resolved stellar population properties in galaxies}",
  journal = {\aap},
archivePrefix = "arXiv",
   eprint = {1506.04157},
 keywords = {techniques: spectroscopic, Galaxy: evolution, Galaxy: stellar content, galaxies: structure, Galaxy: fundamental parameters, galaxies: spiral},
     year = 2015,
    month = sep,
   volume = 581,
      eid = {A103},
    pages = {A103},
      doi = {10.1051/0004-6361/201525938},
   adsurl = {http://adsabs.harvard.edu/abs/2015A%26A...581A.103G},
  adsnote = {Provided by the SAO/NASA Astrophysics Data System}
}


@ARTICLE{baldwin1981,
   author = {{Baldwin}, J.~A. and {Phillips}, M.~M. and {Terlevich}, R.},
    title = "{Classification parameters for the emission-line spectra of extragalactic objects}",
  journal = {\pasp},
 keywords = {Astronomical Spectroscopy, Emission Spectra, Line Spectra, Quasars, Seyfert Galaxies, Classifications, H Ii Regions, Photoionization, Planetary Nebulae, Shock Heating},
     year = 1981,
    month = feb,
   volume = 93,
    pages = {5-19},
      doi = {10.1086/130766},
   adsurl = {http://adsabs.harvard.edu/abs/1981PASP...93....5B},
  adsnote = {Provided by the SAO/NASA Astrophysics Data System}
}

@ARTICLE{seyfert1941,
   author = {{Seyfert}, C.~K.},
    title = "{Nuclear Emission in Spiral Nebulae}",
  journal = {\pasp},
     year = 1941,
    month = aug,
   volume = 53,
    pages = {231-231},
      doi = {10.1086/125320},
   adsurl = {http://adsabs.harvard.edu/abs/1941PASP...53..231S},
  adsnote = {Provided by the SAO/NASA Astrophysics Data System}
}

@ARTICLE{osterbrock1987,
   author = {{Veilleux}, S. and {Osterbrock}, D.~E.},
    title = "{Spectral classification of emission-line galaxies}",
  journal = {\apjs},
 keywords = {Emission Spectra, Seyfert Galaxies, Spectral Line Width, Spectrum Analysis, Active Galaxies, Astronomical Models, Astronomical Spectroscopy, H Ii Regions, Hot Stars, Interstellar Extinction, Photoionization, Star Formation},
     year = 1987,
    month = feb,
   volume = 63,
    pages = {295-310},
      doi = {10.1086/191166},
   adsurl = {http://adsabs.harvard.edu/abs/1987ApJS...63..295V},
  adsnote = {Provided by the SAO/NASA Astrophysics Data System}
}

@ARTICLE{kewley2001,
   author = {{Kewley}, L.~J. and {Dopita}, M.~A. and {Sutherland}, R.~S. and
  {Heisler}, C.~A. and {Trevena}, J.},
    title = "{Theoretical Modeling of Starburst Galaxies}",
  journal = {\apj},
   eprint = {astro-ph/0106324},
 keywords = {Galaxies: Starburst, Radiation Mechanisms: Thermal},
     year = 2001,
    month = jul,
   volume = 556,
    pages = {121-140},
      doi = {10.1086/321545},
   adsurl = {http://adsabs.harvard.edu/abs/2001ApJ...556..121K},
  adsnote = {Provided by the SAO/NASA Astrophysics Data System}
}


@ARTICLE{lamareille2004,
   author = {{Lamareille}, F. and {Mouhcine}, M. and {Contini}, T. and {Lewis}, I. and
  {Maddox}, S.},
    title = "{The luminosity-metallicity relation in the local Universe from the 2dF Galaxy Redshift Survey}",
  journal = {\mnras},
   eprint = {astro-ph/0401615},
 keywords = {galaxies: abundances, galaxies: evolution, galaxies: starburst},
     year = 2004,
    month = may,
   volume = 350,
    pages = {396-406},
      doi = {10.1111/j.1365-2966.2004.07697.x},
   adsurl = {http://adsabs.harvard.edu/abs/2004MNRAS.350..396L},
  adsnote = {Provided by the SAO/NASA Astrophysics Data System}
}

@ARTICLE{toomre1972,
   author = {{Toomre}, A. and {Toomre}, J.},
    title = "{Galactic Bridges and Tails}",
  journal = {\apj},
     year = 1972,
    month = dec,
   volume = 178,
    pages = {623-666},
      doi = {10.1086/151823},
   adsurl = {http://adsabs.harvard.edu/abs/1972ApJ...178..623T},
  adsnote = {Provided by the SAO/NASA Astrophysics Data System}
}


@ARTICLE{gunn1972,
   author = {{Gunn}, J.~E. and {Gott}, III, J.~R.},
    title = "{On the Infall of Matter Into Clusters of Galaxies and Some Effects on Their Evolution}",
  journal = {\apj},
     year = 1972,
    month = augkormendy
   volume = 176,
    pages = {1},
      doi = {10.1086/151605},
   adsurl = {http://adsabs.harvard.edu/abs/1972ApJ...176....1G},
  adsnote = {Provided by the SAO/NASA Astrophysics Data System}
}

@ARTICLE{moore1996,
   author = {{Moore}, B. and {Katz}, N. and {Lake}, G. and {Dressler}, A. and
  {Oemler}, A.},
    title = "{Galaxy harassment and the evolution of clusters of galaxies}",
  journal = {\nat},
   eprint = {astro-ph/9510034},
     year = 1996,
    month = feb,
   volume = 379,
    pages = {613-616},
      doi = {10.1038/379613a0},
   adsurl = {http://adsabs.harvard.edu/abs/1996Natur.379..613M},
  adsnote = {Provided by the SAO/NASA Astrophysics Data System}
}


@ARTICLE{bosselli2006,
   author = {{Boselli}, A. and {Gavazzi}, G.},
    title = "{Environmental Effects on Late-Type Galaxies in Nearby Clusters}",
  journal = {\pasp},
   eprint = {astro-ph/0601108},
 keywords = {Galaxy: General, globular clusters: individual (Virgo), globular clusters: individual (A1367), globular clusters: individual (Coma)},
     year = 2006,
    month = apr,
   volume = 118,
    pages = {517-559},
      doi = {10.1086/500691},
   adsurl = {http://adsabs.harvard.edu/abs/2006PASP..118..517B},
  adsnote = {Provided by the SAO/NASA Astrophysics Data System}
}

@ARTICLE{weinmann2009,
   author = {{Weinmann}, S.~M. and {Kauffmann}, G. and {van den Bosch}, F.~C. and
  {Pasquali}, A. and {McIntosh}, D.~H. and {Mo}, H. and {Yang}, X. and
  {Guo}, Y.},
    title = "{Environmental effects on satellite galaxies: the link between concentration, size and colour profile}",
  journal = {\mnras},
archivePrefix = "arXiv",
   eprint = {0809.2283},
 keywords = {galaxies: clusters: general , galaxies: evolution , galaxies: fundamental parameters , galaxies: haloes , galaxies: statistics , galaxies: structure},
     year = 2009,
    month = apr,
   volume = 394,
    pages = {1213-1228},
      doi = {10.1111/j.1365-2966.2009.14412.x},
   adsurl = {http://adsabs.harvard.edu/abs/2009MNRAS.394.1213W},
  adsnote = {Provided by the SAO/NASA Astrophysics Data System}
}

@ARTICLE{hewitt1991,
   author = {{Hewitt}, A. and {Burbidge}, G.},
    title = "{An optical catalog of extragalactic emission-line objects similar to quasi-stellar objects}",
  journal = {\apjs},
 keywords = {Astronomical Catalogs, Emission Spectra, Line Spectra, Quasars, Red Shift, Seyfert Galaxies, Extragalactic Radio Sources, Hubble Diagram, Radio Galaxies},
     year = 1991,
    month = feb,
   volume = 75,
    pages = {297-356},
      doi = {10.1086/191533},
   adsurl = {http://adsabs.harvard.edu/abs/1991ApJS...75..297H},
  adsnote = {Provided by the SAO/NASA Astrophysics Data System}
}

@ARTICLE{thean2000,
   author = {{Thean}, A. and {Pedlar}, A. and {Kukula}, M.~J. and {Baum}, S.~A. and
  {O'Dea}, C.~P.},
    title = "{High-resolution radio observations of Seyfert galaxies in the extended 12-{$\mu$}m sample - I. The observations}",
  journal = {\mnras},
   eprint = {astro-ph/0001459},
 keywords = {GALAXIES: ACTIVE, GALAXIES: SEYFERT, GALAXIES: STATISTICS, INFRARED: GALAXIES, RADIO CONTINUUM: GALAXIES},
     year = 2000,
    month = may,
   volume = 314,
    pages = {573-588},
      doi = {10.1046/j.1365-8711.2000.03401.x},
   adsurl = {http://adsabs.harvard.edu/abs/2000MNRAS.314..573T},
  adsnote = {Provided by the SAO/NASA Astrophysics Data System}
}

@ARTICLE{klimanov2001,
   author = {{Klimanov}, S.~A. and {Reshetnikov}, V.~P.},
    title = "{Statistical study of M 51-type galaxies}",
  journal = {\aap},
 keywords = {GALAXIES: EVOLUTION, GENERAL, INTERACTIONS, PHOTOMETRY, PECULIAR, SPIRAL},
     year = 2001,
    month = nov,
   volume = 378,
    pages = {428-440},
      doi = {10.1051/0004-6361:20011208},
   adsurl = {http://adsabs.harvard.edu/abs/2001A%26A...378..428K},
  adsnote = {Provided by the SAO/NASA Astrophysics Data System}
}

@ARTICLE{tran2003,
   author = {{Tran}, H.~D.},
    title = "{The Unified Model and Evolution of Active Galaxies: Implications from a Spectropolarimetric Study}",
  journal = {\apj},
   eprint = {astro-ph/0210262},
 keywords = {Galaxies: Active, Galaxies: Seyfert, Polarization},
     year = 2003,
    month = feb,
   volume = 583,
    pages = {632-648},
      doi = {10.1086/345473},
   adsurl = {http://adsabs.harvard.edu/abs/2003ApJ...583..632T},
  adsnote = {Provided by the SAO/NASA Astrophysics Data System}
}


@ARTICLE{moustakas2006,
   author = {{Moustakas}, J. and {Kennicutt}, Jr., R.~C.},
    title = "{An Integrated Spectrophotometric Survey of Nearby Star-forming Galaxies}",
  journal = {\apjs},
   eprint = {astro-ph/0511729},
 keywords = {Atlases, Galaxies: Fundamental Parameters, Galaxies: ISM, Galaxies: Starburst, Galaxies: Stellar Content, Techniques: Spectroscopic},
     year = 2006,
    month = may,
   volume = 164,
    pages = {81-98},
      doi = {10.1086/500971},
   adsurl = {http://adsabs.harvard.edu/abs/2006ApJS..164...81M},
  adsnote = {Provided by the SAO/NASA Astrophysics Data System}
}

@ARTICLE{singh2013,
   author = {{Singh}, R. and {van de Ven}, G. and {Jahnke}, K. and {Lyubenova}, M. and
  {Falc{\'o}n-Barroso}, J. and {Alves}, J. and {Cid Fernandes}, R. and
  {Galbany}, L. and {Garc{\'{\i}}a-Benito}, R. and {Husemann}, B. and
  {Kennicutt}, R.~C. and {Marino}, R.~A. and {M{\'a}rquez}, I. and
  {Masegosa}, J. and {Mast}, D. and {Pasquali}, A. and {S{\'a}nchez}, S.~F. and
  {Walcher}, J. and {Wild}, V. and {Wisotzki}, L. and {Ziegler}, B.
  },
    title = "{The nature of LINER galaxies:. Ubiquitous hot old stars and rare accreting black holes}",
  journal = {\aap},
archivePrefix = "arXiv",
   eprint = {1308.4271},
 primaryClass = "astro-ph.GA",
 keywords = {galaxies: active, galaxies: ISM, galaxies: nuclei, stars: AGB and post-AGB},
     year = 2013,
    month = oct,
   volume = 558,
      eid = {A43},
    pages = {A43},
      doi = {10.1051/0004-6361/201322062},
   adsurl = {http://adsabs.harvard.edu/abs/2013A%26A...558A..43S},
  adsnote = {Provided by the SAO/NASA Astrophysics Data System}
}


@ARTICLE{barrera2015,
   author = {{Barrera-Ballesteros}, J.~K. and {Garc{\'{\i}}a-Lorenzo}, B. and
  {Falc{\'o}n-Barroso}, J. and {van de Ven}, G. and {Lyubenova}, M. and
  {Wild}, V. and {M{\'e}ndez-Abreu}, J. and {S{\'a}nchez}, S.~F. and
  {Marquez}, I. and {Masegosa}, J. and {Monreal-Ibero}, A. and
  {Ziegler}, B. and {del Olmo}, A. and {Verdes-Montenegro}, L. and
  {Garc{\'{\i}}a-Benito}, R. and {Husemann}, B. and {Mast}, D. and
  {Kehrig}, C. and {Iglesias-Paramo}, J. and {Marino}, R.~A. and
  {Aguerri}, J.~A.~L. and {Walcher}, C.~J. and {V{\'{\i}}lchez}, J.~M. and
  {Bomans}, D.~J. and {Cortijo-Ferrero}, C. and {Gonz{\'a}lez Delgado}, R.~M. and
  {Bland-Hawthorn}, J. and {McIntosh}, D.~H. and {Bekerait{\.e}}, S.
  },
    title = "{Tracing kinematic (mis)alignments in CALIFA merging galaxies. Stellar and ionized gas kinematic orientations at every merger stage}",
  journal = {\aap},
archivePrefix = "arXiv",
   eprint = {1506.03819},
 keywords = {galaxies: evolution, galaxies: interactions, galaxies: kinematics and dynamics, galaxies: statistics},
     year = 2015,
    month = oct,
   volume = 582,
      eid = {A21},
    pages = {A21},
      doi = {10.1051/0004-6361/201424935},
   adsurl = {http://adsabs.harvard.edu/abs/2015A%26A...582A..21B},
  adsnote = {Provided by the SAO/NASA Astrophysics Data System}
}

@ARTICLE{Verheijen2004,
   author = {{Verheijen}, M.~A.~W. and {Bershady}, M.~A. and {Andersen}, D.~R. and
  {Swaters}, R.~A. and {Westfall}, K. and {Kelz}, A. and {Roth}, M.~M.
  },
    title = "{The Disk Mass project; science case for a new PMAS IFU module}",
  journal = {Astronomische Nachrichten},
   eprint = {astro-ph/0311555},
 keywords = {galaxies: spiral, galaxies: fundamental parameters, galaxies: structure, galaxies: kinematics and dynamics, instrumentation: spectrographs},
     year = 2004,
    month = mar,
   volume = 325,
    pages = {151-154},
      doi = {10.1002/asna.200310197},
   adsurl = {http://adsabs.harvard.edu/abs/2004AN....325..151V},
  adsnote = {Provided by the SAO/NASA Astrophysics Data System}
}

@ARTICLE{walcher2014,
   author = {{Walcher}, C.~J. and {Wisotzki}, L. and {Bekerait{\'e}}, S. and
  {Husemann}, B. and {Iglesias-P{\'a}ramo}, J. and {Backsmann}, N. and
  {Barrera Ballesteros}, J. and {Catal{\'a}n-Torrecilla}, C. and
  {Cortijo}, C. and {del Olmo}, A. and {Garcia Lorenzo}, B. and
  {Falc{\'o}n-Barroso}, J. and {Jilkova}, L. and {Kalinova}, V. and
  {Mast}, D. and {Marino}, R.~A. and {M{\'e}ndez-Abreu}, J. and
  {Pasquali}, A. and {S{\'a}nchez}, S.~F. and {Trager}, S. and
  {Zibetti}, S. and {Aguerri}, J.~A.~L. and {Alves}, J. and {Bland-Hawthorn}, J. and
  {Boselli}, A. and {Castillo Morales}, A. and {Cid Fernandes}, R. and
  {Flores}, H. and {Galbany}, L. and {Gallazzi}, A. and {Garc{\'{\i}}a-Benito}, R. and
  {Gil de Paz}, A. and {Gonz{\'a}lez-Delgado}, R.~M. and {Jahnke}, K. and
  {Jungwiert}, B. and {Kehrig}, C. and {Lyubenova}, M. and {M{\'a}rquez Perez}, I. and
  {Masegosa}, J. and {Monreal Ibero}, A. and {P{\'e}rez}, E. and
  {Quirrenbach}, A. and {Rosales-Ortega}, F.~F. and {Roth}, M.~M. and
  {Sanchez-Blazquez}, P. and {Spekkens}, K. and {Tundo}, E. and
  {van de Ven}, G. and {Verheijen}, M.~A.~W. and {Vilchez}, J.~V. and
  {Ziegler}, B.},
    title = "{CALIFA: a diameter-selected sample for an integral field spectroscopy galaxy survey}",
  journal = {\aap},
archivePrefix = "arXiv",
   eprint = {1407.2939},
 keywords = {surveys},
     year = 2014,
    month = sep,
   volume = 569,
      eid = {A1},
    pages = {A1},
      doi = {10.1051/0004-6361/201424198},
   adsurl = {http://adsabs.harvard.edu/abs/2014A%26A...569A...1W},
  adsnote = {Provided by the SAO/NASA Astrophysics Data System}
}


@Article{sanchezgalaxias,
AUTHOR = {Sánchez, Sebastian F. and Sánchez-Menguiano, Laura and Marino, Raffaella and Rosales-Ortega, F. Fabian and Pérez, Isabel and de Paz, Armando Gil and Pérez, Enrique and Walcher, C. Jakob and López-Cobá, Carlos},
TITLE = {The CALIFA Survey: Exploring the Oxygen Abundance in the Local Universe},
JOURNAL = {Galaxies},
VOLUME = {3},
YEAR = {2015},
NUMBER = {4},
PAGES = {164},
URL = {http://www.mdpi.com/2075-4434/3/4/164},
ISSN = {2075-4434},
ABSTRACT = {We present here a review of the latest results on the spatially-resolved analysis of the stellar populations and ionized gas of disk-dominated galaxies based on Calar Alto Legacy Integral Field Area (CALIFA) data. CALIFA is an ongoing integral field spectroscopy (IFS) survey of galaxies in the Local Universe (0.005 &lt; z &lt; 0.03) that has already obtained spectroscopic information up to \(\sim\)2.5 \(r_e\) with a spatial resolution better than \(\sim\)1 kpc for a total number of more than 600 galaxies of different morphological types, covering the color-magnitude diagram up to M\(_{\rm R}&lt;-\)18 mag. With nearly 2000 spectra obtained for each galaxy, CALIFA offers one of the best IFU datasets to study the star formation histories and chemical enrichment of galaxies. In this article, we focus on the main results from the analysis of the oxygen abundances based on the study of ionized gas in H II regions and individual spaxels and their relation to the global properties of galaxies, using an updated/revised dataset with more galaxies and ionized regions. In summary, we have confirmed previous published results indicating that: (1) the M-Z relation does not present a secondary relation to the star formation rate, when the abundance is measured at the effective radius; (2) the oxygen abundance presents a strong correlation with the stellar surface density (∑-Z relation); (3) the oxygen abundance profiles present three well-defined regimes: (i) an overall negative radial gradient between 0.5 and 2 \(r_e\), with a characteristic slope of \(\alpha_{O/H}\) \(\sim\)\(-\)0.1 dex/\(r_e\); (ii) a universal flattening beyond \(&gt;\)2 \(r_e\); and (iii) an inner drop at \(&lt;\)0.5 \(r_e\) that depends on mass; (4) the presence of bending in the surface brightness profile of disk galaxies is not clearly related to either the change in the shape of the oxygen abundance profile or the properties of the underlying stellar population. All of these results indicate that disk galaxies present an overall inside-out growth, with chemical enrichment and stellar mass growth tightly correlated and dominated by local processes and limited effects of radial mixing or global outflows. However, clear deviations are shown with respect to this simple scenario, which affect the abundance profiles in both the innermost and outermost regions of galaxies.},
DOI = {10.3390/galaxies3040164}
}

@ARTICLE{casado2015,
   author = {{Casado}, J. and {Ascasibar}, Y. and {Gavil{\'a}n}, M. and {Terlevich}, R. and
  {Terlevich}, E. and {Hoyos}, C. and {D{\'{\i}}az}, A.~I.},
    title = "{Nature or nurture? Clues from the distribution of specific star formation rates in SDSS galaxies}",
  journal = {\mnras},
archivePrefix = "arXiv",
   eprint = {1504.07010},
 keywords = {galaxies: abundances, galaxies: interactions, galaxies: star formation},
     year = 2015,
    month = jul,
   volume = 451,
    pages = {888-903},
      doi = {10.1093/mnras/stv949},
   adsurl = {http://adsabs.harvard.edu/abs/2015MNRAS.451..888C},
  adsnote = {Provided by the SAO/NASA Astrophysics Data System}
}

@ARTICLE{cano2016,
   author = {{Cano-D{\'{\i}}az}, M. and {S{\'a}nchez}, S.~F. and {Zibetti}, S. and
	{Ascasibar}, Y. and {Bland-Hawthorn}, J. and {Ziegler}, B. and
	{Gonz{\'a}lez Delgado}, R.~M. and {Walcher}, C.~J. and {Garc{\'{\i}}a-Benito}, R. and
	{Mast}, D. and {Mendoza-P{\'e}rez}, M.~A. and {Falc{\'o}n-Barroso}, J. and
	{Galbany}, L. and {Husemann}, B. and {Kehrig}, C. and {Marino}, R.~A. and
	{S{\'a}nchez-Bl{\'a}zquez}, P. and {L{\'o}pez-Cob{\'a}}, C. and
	{L{\'o}pez-S{\'a}nchez}, A.~R. and {Vilchez}, J.~M.},
    title = "{Spatially-Resolved Star Formation Main Sequence of Galaxies in the CALIFA Survey}",
  journal = {ArXiv e-prints},
archivePrefix = "arXiv",
   eprint = {1602.02770},
 keywords = {Astrophysics - Astrophysics of Galaxies},
     year = 2016,
    month = feb,
   adsurl = {http://adsabs.harvard.edu/abs/2016arXiv160202770C},
  adsnote = {Provided by the SAO/NASA Astrophysics Data System}
}

@ARTICLE{masters2010,
   author = {{Masters}, K.~L. and {Mosleh}, M. and {Romer}, A.~K. and {Nichol}, R.~C. and
	{Bamford}, S.~P. and {Schawinski}, K. and {Lintott}, C.~J. and
	{Andreescu}, D. and {Campbell}, H.~C. and {Crowcroft}, B. and
	{Doyle}, I. and {Edmondson}, E.~M. and {Murray}, P. and {Raddick}, M.~J. and
	{Slosar}, A. and {Szalay}, A.~S. and {Vandenberg}, J.},
    title = "{Galaxy Zoo: passive red spirals}",
  journal = {\mnras},
archivePrefix = "arXiv",
   eprint = {0910.4113},
 keywords = {surveys, galaxies: active, galaxies: evolution, galaxies: photometry, galaxies: spiral},
     year = 2010,
    month = jun,
   volume = 405,
    pages = {783-799},
      doi = {10.1111/j.1365-2966.2010.16503.x},
   adsurl = {http://adsabs.harvard.edu/abs/2010MNRAS.405..783M},
  adsnote = {Provided by the SAO/NASA Astrophysics Data System}
}

@ARTICLE{hasinger2007,
   author = {{Hasinger}, G. and {Cappelluti}, N. and {Brunner}, H. and {Brusa}, M. and
  {Comastri}, A. and {Elvis}, M. and {Finoguenov}, A. and {Fiore}, F. and
  {Franceschini}, A. and {Gilli}, R. and {Griffiths}, R.~E. and
  {Lehmann}, I. and {Mainieri}, V. and {Matt}, G. and {Matute}, I. and
  {Miyaji}, T. and {Molendi}, S. and {Paltani}, S. and {Sanders}, D.~B. and
  {Scoville}, N. and {Tresse}, L. and {Urry}, C.~M. and {Vettolani}, P. and
  {Zamorani}, G.},
    title = "{The XMM-Newton Wide-Field Survey in the COSMOS Field. I. Survey Description}",
  journal = {\apjs},
   eprint = {astro-ph/0612311},
 keywords = {Cosmology: Observations, Cosmology: Large-Scale Structure of Universe, Cosmology: Dark Matter, Galaxies: Formation, Galaxies: Evolution, X-Rays: Galaxies},
     year = 2007,
    month = sep,
   volume = 172,
    pages = {29-37},
      doi = {10.1086/516576},
   adsurl = {http://adsabs.harvard.edu/abs/2007ApJS..172...29H},
  adsnote = {Provided by the SAO/NASA Astrophysics Data System}
}

@ARTICLE{silverman2008,
   author = {{Silverman}, J.~D. and {Green}, P.~J. and {Barkhouse}, W.~A. and
  {Kim}, D.-W. and {Kim}, M. and {Wilkes}, B.~J. and {Cameron}, R.~A. and
  {Hasinger}, G. and {Jannuzi}, B.~T. and {Smith}, M.~G. and {Smith}, P.~S. and
  {Tananbaum}, H.},
    title = "{The Luminosity Function of X-Ray-selected Active Galactic Nuclei: Evolution of Supermassive Black Holes at High Redshift}",
  journal = {\apj},
archivePrefix = "arXiv",
   eprint = {0710.2461},
 keywords = {Galaxies: Active, Galaxies: Quasars: General, Surveys, X-Rays: Galaxies},
     year = 2008,
    month = may,
   volume = 679,
    pages = {118-139},
      doi = {10.1086/529572},
   adsurl = {http://adsabs.harvard.edu/abs/2008ApJ...679..118S},
  adsnote = {Provided by the SAO/NASA Astrophysics Data System}
}

@ARTICLE{brinchmann2004,
   author = {{Brinchmann}, J. and {Charlot}, S. and {White}, S.~D.~M. and
  {Tremonti}, C. and {Kauffmann}, G. and {Heckman}, T. and {Brinkmann}, J.
  },
    title = "{The physical properties of star-forming galaxies in the low-redshift Universe}",
  journal = {\mnras},
   eprint = {astro-ph/0311060},
 keywords = {surveys, galaxies: abundances, galaxies: evolution, galaxies: fundamental parameters, galaxies: general},
     year = 2004,
    month = jul,
   volume = 351,
    pages = {1151-1179},
      doi = {10.1111/j.1365-2966.2004.07881.x},
   adsurl = {http://adsabs.harvard.edu/abs/2004MNRAS.351.1151B},
  adsnote = {Provided by the SAO/NASA Astrophysics Data System}
}


@ARTICLE{elbaz2007,
   author = {{Elbaz}, D. and {Daddi}, E. and {Le Borgne}, D. and {Dickinson}, M. and
  {Alexander}, D.~M. and {Chary}, R.-R. and {Starck}, J.-L. and
  {Brandt}, W.~N. and {Kitzbichler}, M. and {MacDonald}, E. and
  {Nonino}, M. and {Popesso}, P. and {Stern}, D. and {Vanzella}, E.
  },
    title = "{The reversal of the star formation-density relation in the distant universe}",
  journal = {\aap},
   eprint = {astro-ph/0703653},
 keywords = {cosmology: observations, Galaxy: formation, Galaxy: evolution, galaxies: starburst, infrared: galaxies, cosmology: large-scale structure of Universe},
     year = 2007,
    month = jun,
   volume = 468,
    pages = {33-48},
      doi = {10.1051/0004-6361:20077525},
   adsurl = {http://adsabs.harvard.edu/abs/2007A%26A...468...33E},
  adsnote = {Provided by the SAO/NASA Astrophysics Data System}
}


@ARTICLE{bergh1976,
   author = {{van den Bergh}, S.},
    title = "{Detection of the Optical Remnant of the Supernova of 1006}",
  journal = {\iaucirc},
     year = 1976,
    month = may,
   volume = 2952,
   adsurl = {http://adsabs.harvard.edu/abs/1976IAUC.2952....1V},
  adsnote = {Provided by the SAO/NASA Astrophysics Data System}
}

@ARTICLE{lintott2008,
   author = {{Lintott}, C.~J. and {Schawinski}, K. and {Slosar}, A. and {Land}, K. and
  {Bamford}, S. and {Thomas}, D. and {Raddick}, M.~J. and {Nichol}, R.~C. and
  {Szalay}, A. and {Andreescu}, D. and {Murray}, P. and {Vandenberg}, J.
  },
    title = "{Galaxy Zoo: morphologies derived from visual inspection of galaxies from the Sloan Digital Sky Survey}",
  journal = {\mnras},
archivePrefix = "arXiv",
   eprint = {0804.4483},
 keywords = {methods: data analysis , galaxies: elliptical and lenticular, cD , galaxies: general , galaxies: spiral},
     year = 2008,
    month = sep,
   volume = 389,
    pages = {1179-1189},
      doi = {10.1111/j.1365-2966.2008.13689.x},
   adsurl = {http://adsabs.harvard.edu/abs/2008MNRAS.389.1179L},
  adsnote = {Provided by the SAO/NASA Astrophysics Data System}
}

@ARTICLE{bamford2008,
   author = {{Bamford}, S.~P. and {Rojas}, A.~L. and {Nichol}, R.~C. and
  {Miller}, C.~J. and {Wasserman}, L. and {Genovese}, C.~R. and
  {Freeman}, P.~E.},
    title = "{Revealing components of the galaxy population through non-parametric techniques}",
  journal = {\mnras},
archivePrefix = "arXiv",
   eprint = {0809.2800},
 keywords = {methods: statistical , galaxies: clusters: general , galaxies: fundamental parameters , galaxies: statistics},
     year = 2008,
    month = dec,
   volume = 391,
    pages = {607-616},
      doi = {10.1111/j.1365-2966.2008.13963.x},
   adsurl = {http://adsabs.harvard.edu/abs/2008MNRAS.391..607B},
  adsnote = {Provided by the SAO/NASA Astrophysics Data System}
}

@ARTICLE{wolf2009,
   author = {{Wolf}, C. and {Arag{\'o}n-Salamanca}, A. and {Balogh}, M. and
  {Barden}, M. and {Bell}, E.~F. and {Gray}, M.~E. and {Peng}, C.~Y. and
  {Bacon}, D. and {Barazza}, F.~D. and {B{\"o}hm}, A. and {Caldwell}, J.~A.~R. and
  {Gallazzi}, A. and {H{\"a}u{\ss}ler}, B. and {Heymans}, C. and
  {Jahnke}, K. and {Jogee}, S. and {van Kampen}, E. and {Lane}, K. and
  {McIntosh}, D.~H. and {Meisenheimer}, K. and {Papovich}, C. and
  {S{\'a}nchez}, S.~F. and {Taylor}, A. and {Wisotzki}, L. and
  {Zheng}, X.},
    title = "{The STAGES view of red spirals and dusty red galaxies: mass-dependent quenching of star formation in cluster infall}",
  journal = {\mnras},
archivePrefix = "arXiv",
   eprint = {0811.3873},
 keywords = {surveys , stars: formation , galaxies: clusters: general , galaxies: evolution , galaxies: spiral , infrared: galaxies},
     year = 2009,
    month = mar,
   volume = 393,
    pages = {1302-1323},
      doi = {10.1111/j.1365-2966.2008.14204.x},
   adsurl = {http://adsabs.harvard.edu/abs/2009MNRAS.393.1302W},
  adsnote = {Provided by the SAO/NASA Astrophysics Data System}
}

@ARTICLE{maller2009,
   author = {{Maller}, A.~H. and {Berlind}, A.~A. and {Blanton}, M.~R. and
  {Hogg}, D.~W.},
    title = "{The Intrinsic Properties of SDSS Galaxies}",
  journal = {\apj},
archivePrefix = "arXiv",
   eprint = {0801.3286},
 keywords = {galaxies: clusters: general, galaxies: statistics, methods: statistical, surveys},
     year = 2009,
    month = jan,
   volume = 691,
    pages = {394-406},
      doi = {10.1088/0004-637X/691/1/394},
   adsurl = {http://adsabs.harvard.edu/abs/2009ApJ...691..394M},
  adsnote = {Provided by the SAO/NASA Astrophysics Data System}
}


@ARTICLE{cortese2012,
   author = {{Cortese}, L. and {Ciesla}, L. and {Boselli}, A. and {Bianchi}, S. and
  {Gomez}, H. and {Smith}, M.~W.~L. and {Bendo}, G.~J. and {Eales}, S. and
  {Pohlen}, M. and {Baes}, M. and {Corbelli}, E. and {Davies}, J.~I. and
  {Hughes}, T.~M. and {Hunt}, L.~K. and {Madden}, S.~C. and {Pierini}, D. and
  {di Serego Alighieri}, S. and {Zibetti}, S. and {Boquien}, M. and
  {Clements}, D.~L. and {Cooray}, A. and {Galametz}, M. and {Magrini}, L. and
  {Pappalardo}, C. and {Spinoglio}, L. and {Vlahakis}, C.},
    title = "{The dust scaling relations of the Herschel Reference Survey}",
  journal = {\aap},
archivePrefix = "arXiv",
   eprint = {1201.2762},
 keywords = {dust, extinction, galaxies: evolution, submillimeter: galaxies, galaxies: clusters: individual: Virgo},
     year = 2012,
    month = apr,
   volume = 540,
      eid = {A52},
    pages = {A52},
      doi = {10.1051/0004-6361/201118499},
   adsurl = {http://adsabs.harvard.edu/abs/2012A%26A...540A..52C},
  adsnote = {Provided by the SAO/NASA Astrophysics Data System}
}

@ARTICLE{bundy2010,
   author = {{Bundy}, K. and {Scarlata}, C. and {Carollo}, C.~M. and {Ellis}, R.~S. and
  {Drory}, N. and {Hopkins}, P. and {Salvato}, M. and {Leauthaud}, A. and
  {Koekemoer}, A.~M. and {Murray}, N. and {Ilbert}, O. and {Oesch}, P. and
  {Ma}, C.-P. and {Capak}, P. and {Pozzetti}, L. and {Scoville}, N.
  },
    title = "{The Rise and Fall of Passive Disk Galaxies: Morphological Evolution Along the Red Sequence Revealed by COSMOS}",
  journal = {\apj},
archivePrefix = "arXiv",
   eprint = {0912.1077},
 keywords = {galaxies: evolution, galaxies: formation},
     year = 2010,
    month = aug,
   volume = 719,
    pages = {1969-1983},
      doi = {10.1088/0004-637X/719/2/1969},
   adsurl = {http://adsabs.harvard.edu/abs/2010ApJ...719.1969B},
  adsnote = {Provided by the SAO/NASA Astrophysics Data System}
}

@ARTICLE{robaina2012,
   author = {{Robaina}, A.~R. and {Hoyle}, B. and {Gallazzi}, A. and {Jim{\'e}nez}, R. and
  {van der Wel}, A. and {Verde}, L.},
    title = "{The similar stellar populations of quiescent spiral and elliptical galaxies}",
  journal = {\mnras},
archivePrefix = "arXiv",
   eprint = {1109.5352},
 keywords = {galaxies: bulges, galaxies: general, galaxies: spiral, galaxies: statistics},
     year = 2012,
    month = dec,
   volume = 427,
    pages = {3006-3015},
      doi = {10.1111/j.1365-2966.2012.21804.x},
   adsurl = {http://adsabs.harvard.edu/abs/2012MNRAS.427.3006R},
  adsnote = {Provided by the SAO/NASA Astrophysics Data System}
}


@ARTICLE{charlot2000,
   author = {{Charlot}, S. and {Fall}, S.~M.},
    title = "{A Simple Model for the Absorption of Starlight by Dust in Galaxies}",
  journal = {\apj},
   eprint = {astro-ph/0003128},
 keywords = {ISM: Dust, Extinction, Galaxies: ISM, Galaxies: Starburst, Infrared: Galaxies, Ultraviolet: Galaxies},
     year = 2000,
    month = aug,
   volume = 539,
    pages = {718-731},
      doi = {10.1086/309250},
   adsurl = {http://adsabs.harvard.edu/abs/2000ApJ...539..718C},
  adsnote = {Provided by the SAO/NASA Astrophysics Data System}
}

@ARTICLE{calzetti2001,
   author = {{Calzetti}, D.},
    title = "{The Dust Opacity of Star-forming Galaxies}",
  journal = {\pasp},
   eprint = {astro-ph/0109035},
 keywords = {ISM: Dust, Extinction, Galaxies: ISM, Galaxies: Starburst, infrared: galaxies, ultraviolet: galaxies},
     year = 2001,
    month = dec,
   volume = 113,
    pages = {1449-1485},
      doi = {10.1086/324269},
   adsurl = {http://adsabs.harvard.edu/abs/2001PASP..113.1449C},
  adsnote = {Provided by the SAO/NASA Astrophysics Data System}
}

@ARTICLE{sanchez2013,
   author = {{S{\'a}nchez}, S.~F. and {Rosales-Ortega}, F.~F. and {Jungwiert}, B. and
  {Iglesias-P{\'a}ramo}, J. and {V{\'{\i}}lchez}, J.~M. and {Marino}, R.~A. and
  {Walcher}, C.~J. and {Husemann}, B. and {Mast}, D. and {Monreal-Ibero}, A. and
  {Cid Fernandes}, R. and {P{\'e}rez}, E. and {Gonz{\'a}lez Delgado}, R. and
  {Garc{\'{\i}}a-Benito}, R. and {Galbany}, L. and {van de Ven}, G. and
  {Jahnke}, K. and {Flores}, H. and {Bland-Hawthorn}, J. and {L{\'o}pez-S{\'a}nchez}, A.~R. and
  {Stanishev}, V. and {Miralles-Caballero}, D. and {D{\'{\i}}az}, A.~I. and
  {S{\'a}nchez-Blazquez}, P. and {Moll{\'a}}, M. and {Gallazzi}, A. and
  {Papaderos}, P. and {Gomes}, J.~M. and {Gruel}, N. and {P{\'e}rez}, I. and
  {Ruiz-Lara}, T. and {Florido}, E. and {de Lorenzo-C{\'a}ceres}, A. and
  {Mendez-Abreu}, J. and {Kehrig}, C. and {Roth}, M.~M. and {Ziegler}, B. and
  {Alves}, J. and {Wisotzki}, L. and {Kupko}, D. and {Quirrenbach}, A. and
  {Bomans}, D. and {Califa Collaboration}},
    title = "{Mass-metallicity relation explored with CALIFA. I. Is there a dependence on the star-formation rate?}",
  journal = {\aap},
archivePrefix = "arXiv",
   eprint = {1304.2158},
 keywords = {abundances, galaxies: ISM, galaxies: fundamental parameters, galaxies: spiral, galaxies: structure, galaxies: evolution},
     year = 2013,
    month = jun,
   volume = 554,
      eid = {A58},
    pages = {A58},
      doi = {10.1051/0004-6361/201220669},
   adsurl = {http://adsabs.harvard.edu/abs/2013A%26A...554A..58S},
  adsnote = {Provided by the SAO/NASA Astrophysics Data System}
}


@ARTICLE{blazquez2006,
   author = {{S{\'a}nchez-Bl{\'a}zquez}, P. and {Gorgas}, J. and {Cardiel}, N. and
  {Gonz{\'a}lez}, J.~J.},
    title = "{Stellar populations of early-type galaxies in different environments. I. Line-strength indices. Relations of line-strengths with {$\sigma$}}",
  journal = {\aap},
   eprint = {astro-ph/0604565},
 keywords = {galaxies: evolution, galaxies: elliptical and, lenticular, cD, galaxies: stellar content},
     year = 2006,
    month = oct,
   volume = 457,
    pages = {787-808},
      doi = {10.1051/0004-6361:20064842},
   adsurl = {http://adsabs.harvard.edu/abs/2006A%26A...457..787S},
  adsnote = {Provided by the SAO/NASA Astrophysics Data System}
}

@ARTICLE{vazdekis2010,
   author = {{Vazdekis}, A. and {S{\'a}nchez-Bl{\'a}zquez}, P. and {Falc{\'o}n-Barroso}, J. and
  {Cenarro}, A.~J. and {Beasley}, M.~A. and {Cardiel}, N. and
  {Gorgas}, J. and {Peletier}, R.~F.},
    title = "{Evolutionary stellar population synthesis with MILES - I. The base models and a new line index system}",
  journal = {\mnras},
archivePrefix = "arXiv",
   eprint = {1004.4439},
 primaryClass = "astro-ph.CO",
 keywords = {globular clusters: general, galaxies: abundances, galaxies: elliptical and lenticular, cD, galaxies: stellar content},
     year = 2010,
    month = jun,
   volume = 404,
    pages = {1639-1671},
      doi = {10.1111/j.1365-2966.2010.16407.x},
   adsurl = {http://adsabs.harvard.edu/abs/2010MNRAS.404.1639V},
  adsnote = {Provided by the SAO/NASA Astrophysics Data System}
}

@ARTICLE{falcon2011,
   author = {{Falc{\'o}n-Barroso}, J. and {S{\'a}nchez-Bl{\'a}zquez}, P. and
  {Vazdekis}, A. and {Ricciardelli}, E. and {Cardiel}, N. and
  {Cenarro}, A.~J. and {Gorgas}, J. and {Peletier}, R.~F.},
    title = "{An updated MILES stellar library and stellar population models}",
  journal = {\aap},
archivePrefix = "arXiv",
   eprint = {1107.2303},
 keywords = {catalogs, methods: data analysis, techniques: spectroscopic, stars: kinematics and dynamics, galaxies: kinematics and dynamics},
     year = 2011,
    month = aug,
   volume = 532,
      eid = {A95},
    pages = {A95},
      doi = {10.1051/0004-6361/201116842},
   adsurl = {http://adsabs.harvard.edu/abs/2011A%26A...532A..95F},
  adsnote = {Provided by the SAO/NASA Astrophysics Data System}
}


@ARTICLE{sanchez2007,
   author = {{S{\'a}nchez}, S.~F. and {Cardiel}, N. and {Verheijen}, M.~A.~W. and
  {Mart{\'{\i}}n-Gord{\'o}n}, D. and {Vilchez}, J.~M. and {Alves}, J.
  },
    title = "{PPAK integral field spectroscopy survey of the Orion nebula. Data release}",
  journal = {\aap},
   eprint = {astro-ph/0611363},
 keywords = {ISM: individual objects: M42, ISM: HII regions, ISM: dust, extinction, ISM: abundances},
     year = 2007,
    month = apr,
   volume = 465,
    pages = {207-217},
      doi = {10.1051/0004-6361:20066620},
   adsurl = {http://adsabs.harvard.edu/abs/2007A%26A...465..207S},
  adsnote = {Provided by the SAO/NASA Astrophysics Data System}
}

@ARTICLE{barrera2015,
   author = {{Barrera-Ballesteros}, J.~K. and {S{\'a}nchez}, S.~F. and {Garc{\'{\i}}a-Lorenzo}, B. and
  {Falc{\'o}n-Barroso}, J. and {Mast}, D. and {Garc{\'{\i}}a-Benito}, R. and
  {Husemann}, B. and {van de Ven}, G. and {Iglesias-P{\'a}ramo}, J. and
  {Rosales-Ortega}, F.~F. and {P{\'e}rez-Torres}, M.~A. and {M{\'a}rquez}, I. and
  {Kehrig}, C. and {Marino}, R.~A. and {Vilchez}, J.~M. and {Galbany}, L. and
  {L{\'o}pez-S{\'a}nchez}, {\'A}.~R. and {Walcher}, C.~J. and
  {Califa Collaboration}},
    title = "{Central star formation and metallicity in CALIFA interacting galaxies}",
  journal = {\aap},
archivePrefix = "arXiv",
   eprint = {1505.03153},
 keywords = {galaxies: evolution, galaxies: interactions, galaxies: star formation, galaxies: abundances},
     year = 2015,
    month = jul,
   volume = 579,
      eid = {A45},
    pages = {A45},
      doi = {10.1051/0004-6361/201425397},
   adsurl = {http://adsabs.harvard.edu/abs/2015A%26A...579A..45B},
  adsnote = {Provided by the SAO/NASA Astrophysics Data System}
}

@ARTICLE{salpeter1955,
   author = {{Salpeter}, E.~E.},
    title = "{The Luminosity Function and Stellar Evolution.}",
  journal = {\apj},
     year = 1955,
    month = jan,
   volume = 121,
    pages = {161},
      doi = {10.1086/145971},
   adsurl = {http://adsabs.harvard.edu/abs/1955ApJ...121..161S},
  adsnote = {Provided by the SAO/NASA Astrophysics Data System}
}

@ARTICLE{cappellari2012,
   author = {{Cappellari}, M. and {McDermid}, R.~M. and {Alatalo}, K. and
  {Blitz}, L. and {Bois}, M. and {Bournaud}, F. and {Bureau}, M. and
  {Crocker}, A.~F. and {Davies}, R.~L. and {Davis}, T.~A. and
  {de Zeeuw}, P.~T. and {Duc}, P.-A. and {Emsellem}, E. and {Khochfar}, S. and
  {Krajnovi{\'c}}, D. and {Kuntschner}, H. and {Lablanche}, P.-Y. and
  {Morganti}, R. and {Naab}, T. and {Oosterloo}, T. and {Sarzi}, M. and
  {Scott}, N. and {Serra}, P. and {Weijmans}, A.-M. and {Young}, L.~M.
  },
    title = "{Systematic variation of the stellar initial mass function in early-type galaxies}",
  journal = {\nat},
archivePrefix = "arXiv",
   eprint = {1202.3308},
 primaryClass = "astro-ph.CO",
     year = 2012,
    month = apr,
   volume = 484,
    pages = {485-488},
      doi = {10.1038/nature10972},
   adsurl = {http://adsabs.harvard.edu/abs/2012Natur.484..485C},
  adsnote = {Provided by the SAO/NASA Astrophysics Data System}
}




@BOOK{osterbrock1989,
   author = {{Osterbrock}, D.~E.},
    title = "{Astrophysics of gaseous nebulae and active galactic nuclei}",
 keywords = {Active Galactic Nuclei, Astrophysics, Planetary Nebulae, Quasars, Seyfert Galaxies, Computational Astrophysics, Cosmic Dust, Emission Spectra, Interstellar Matter, Photoionization, Spectrum Analysis, Stellar Physics, Supernova Remnants, Thermodynamic Equilibrium},
booktitle = {Research supported by the University of California, John Simon Guggenheim Memorial Foundation, University of Minnesota, et al.~Mill Valley, CA, University Science Books, 1989, 422 p.},
     year = 1989,
   adsurl = {http://adsabs.harvard.edu/abs/1989agna.book.....O},
  adsnote = {Provided by the SAO/NASA Astrophysics Data System}
}


@ARTICLE{rosario2012,
   author = {{Rosario}, D.~J. and {Santini}, P. and {Lutz}, D. and {Shao}, L. and
  {Maiolino}, R. and {Alexander}, D.~M. and {Altieri}, B. and
  {Andreani}, P. and {Aussel}, H. and {Bauer}, F.~E. and {Berta}, S. and
  {Bongiovanni}, A. and {Brandt}, W.~N. and {Brusa}, M. and {Cepa}, J. and
  {Cimatti}, A. and {Cox}, T.~J. and {Daddi}, E. and {Elbaz}, D. and
  {Fontana}, A. and {F{\"o}rster Schreiber}, N.~M. and {Genzel}, R. and
  {Grazian}, A. and {Le Floch}, E. and {Magnelli}, B. and {Mainieri}, V. and
  {Netzer}, H. and {Nordon}, R. and {P{\'e}rez Garcia}, I. and
  {Poglitsch}, A. and {Popesso}, P. and {Pozzi}, F. and {Riguccini}, L. and
  {Rodighiero}, G. and {Salvato}, M. and {Sanchez-Portal}, M. and
  {Sturm}, E. and {Tacconi}, L.~J. and {Valtchanov}, I. and {Wuyts}, S.
  },
    title = "{The mean star formation rate of X-ray selected active galaxies and its evolution from z \~{} 2.5: results from PEP-Herschel}",
  journal = {\aap},
archivePrefix = "arXiv",
   eprint = {1203.6069},
 primaryClass = "astro-ph.CO",
 keywords = {galaxies: active, galaxies: star formation, infrared: galaxies, X-rays: galaxies},
     year = 2012,
    month = sep,
   volume = 545,
      eid = {A45},
    pages = {A45},
      doi = {10.1051/0004-6361/201219258},
   adsurl = {http://adsabs.harvard.edu/abs/2012A%26A...545A..45R},
  adsnote = {Provided by the SAO/NASA Astrophysics Data System}
}



@ARTICLE{santini2012,
   author = {{Santini}, P. and {Rosario}, D.~J. and {Shao}, L. and {Lutz}, D. and
  {Maiolino}, R. and {Alexander}, D.~M. and {Altieri}, B. and
  {Andreani}, P. and {Aussel}, H. and {Bauer}, F.~E. and {Berta}, S. and
  {Bongiovanni}, A. and {Brandt}, W.~N. and {Brusa}, M. and {Cepa}, J. and
  {Cimatti}, A. and {Daddi}, E. and {Elbaz}, D. and {Fontana}, A. and
  {F{\"o}rster Schreiber}, N.~M. and {Genzel}, R. and {Grazian}, A. and
  {Le Floc'h}, E. and {Magnelli}, B. and {Mainieri}, V. and {Nordon}, R. and
  {P{\'e}rez Garcia}, A.~M. and {Poglitsch}, A. and {Popesso}, P. and
  {Pozzi}, F. and {Riguccini}, L. and {Rodighiero}, G. and {Salvato}, M. and
  {Sanchez-Portal}, M. and {Sturm}, E. and {Tacconi}, L.~J. and
  {Valtchanov}, I. and {Wuyts}, S.},
    title = "{Enhanced star formation rates in AGN hosts with respect to inactive galaxies from PEP-Herschel observations}",
  journal = {\aap},
archivePrefix = "arXiv",
   eprint = {1201.4394},
 keywords = {galaxies: active, galaxies: evolution, galaxies: high-redshift, galaxies: star formation, infrared: galaxies},
     year = 2012,
    month = apr,
   volume = 540,
      eid = {A109},
    pages = {A109},
      doi = {10.1051/0004-6361/201118266},
   adsurl = {http://adsabs.harvard.edu/abs/2012A%26A...540A.109S},
  adsnote = {Provided by the SAO/NASA Astrophysics Data System}
}



@ARTICLE{richards2006,
   author = {{Richards}, G.~T.},
    title = "{AGN Outflows in Emission and Absorption: The SDSS Perspective}",
  journal = {ArXiv Astrophysics e-prints},
   eprint = {astro-ph/0603827},
 keywords = {Astrophysics},
     year = 2006,
    month = mar,
   adsurl = {http://adsabs.harvard.edu/abs/2006astro.ph..3827R},
  adsnote = {Provided by the SAO/NASA Astrophysics Data System}
}

@PHDTHESIS{nelan2005,
   author = {{Nelan}, J.~E.},
    title = "{Early-type galaxies in a cluster environment: Characteristics of the stellar populations and sources of X-ray emission}",
 keywords = {Early-type galaxies, Stellar populations, X-ray, Elliptical galaxies},
   school = {Dartmouth College, New Hampshire, USA},
     year = 2005,
   adsurl = {http://adsabs.harvard.edu/abs/2005PhDT.........3N},
  adsnote = {Provided by the SAO/NASA Astrophysics Data System}
}

@ARTICLE{cimatti2006,
   author = {{Cimatti}, A. and {Daddi}, E. and {Renzini}, A.},
    title = "{Mass downsizing and ``top-down'' assembly of early-type galaxies}",
  journal = {\aap},
   eprint = {astro-ph/0605353},
 keywords = {galaxies: elliptical and lenticular, cD, galaxies: evolution, galaxies: formation},
     year = 2006,
    month = jul,
   volume = 453,
    pages = {L29-L33},
      doi = {10.1051/0004-6361:20065155},
   adsurl = {http://adsabs.harvard.edu/abs/2006A%26A...453L..29C},
  adsnote = {Provided by the SAO/NASA Astrophysics Data System}
}


@ARTICLE{kauffmann1998,
   author = {{Kauffmann}, G. and {Charlot}, S.},
    title = "{Chemical enrichment and the origin of the colour-magnitude relation of elliptical galaxies in a hierarchical merger model}",
  journal = {\mnras},
   eprint = {astro-ph/9704148},
 keywords = {Elliptical Galaxies, Astronomical Models, Color-Magnitude Diagram, Galactic Evolution, Interacting Galaxies, Interstellar Chemistry, Star Formation, Disk Galaxies, Dark Matter, Galactic Halos},
     year = 1998,
    month = mar,
   volume = 294,
    pages = {705},
      doi = {10.1046/j.1365-8711.1998.01322.x},
   adsurl = {http://adsabs.harvard.edu/abs/1998MNRAS.294..705K},
  adsnote = {Provided by the SAO/NASA Astrophysics Data System}
}

@ARTICLE{devaucouleurs1961,
   author = {{de Vaucouleurs}, G.},
    title = "{Integrated Colors of Bright Galaxies in the u, b, V System.}",
  journal = {\apjs},
     year = 1961,
    month = jan,
   volume = 5,
    pages = {233},
      doi = {10.1086/190056},
   adsurl = {http://adsabs.harvard.edu/abs/1961ApJS....5..233D},
  adsnote = {Provided by the SAO/NASA Astrophysics Data System}
}

@ARTICLE{cardelli1989,
   author = {{Cardelli}, J.~A. and {Clayton}, G.~C. and {Mathis}, J.~S.},
    title = "{The relationship between infrared, optical, and ultraviolet extinction}",
  journal = {\apj},
 keywords = {Infrared Spectra, Interstellar Extinction, Ultraviolet Spectra, Visible Spectrum, Computational Astrophysics, Interstellar Matter, Iue},
     year = 1989,
    month = oct,
   volume = 345,
    pages = {245-256},
      doi = {10.1086/167900},
   adsurl = {http://adsabs.harvard.edu/abs/1989ApJ...345..245C},
  adsnote = {Provided by the SAO/NASA Astrophysics Data System}
}

@ARTICLE{tinsley1980,
   author = {{Tinsley}, B.~M.},
    title = "{Evolution of the Stars and Gas in Galaxies}",
  journal = {\fcp},
     year = 1980,
   volume = 5,
    pages = {287-388},
   adsurl = {http://adsabs.harvard.edu/abs/1980FCPh....5..287T},
  adsnote = {Provided by the SAO/NASA Astrophysics Data System}
}

@ARTICLE{martins2005,
   author = {{Martins}, F. and {Schaerer}, D. and {Hillier}, D.~J.},
    title = "{A new calibration of stellar parameters of Galactic O stars}",
  journal = {\aap},
   eprint = {astro-ph/0503346},
 keywords = {stars: fundamental parameters, stars: atmospheres, stars: early-type},
     year = 2005,
    month = jun,
   volume = 436,
    pages = {1049-1065},
      doi = {10.1051/0004-6361:20042386},
   adsurl = {http://adsabs.harvard.edu/abs/2005A%26A...436.1049M},
  adsnote = {Provided by the SAO/NASA Astrophysics Data System}
}



@ARTICLE{brinchmann2000,
   author = {{Brinchmann}, J. and {Ellis}, R.~S.},
    title = "{The Mass Assembly and Star Formation Characteristics of Field Galaxies of Known Morphology}",
  journal = {\apjl},
   eprint = {astro-ph/0005120},
 keywords = {Galaxies: Evolution, Galaxies: Fundamental Parameters, Galaxies: Stellar Content},
     year = 2000,
    month = jun,
   volume = 536,
    pages = {L77-L80},
      doi = {10.1086/312738},
   adsurl = {http://adsabs.harvard.edu/abs/2000ApJ...536L..77B},
  adsnote = {Provided by the SAO/NASA Astrophysics Data System}
}

@ARTICLE{kong2000,
   author = {{Kong}, X. and {Zhou}, X. and {Chen}, J. and {Cheng}, F. and
  {Jiang}, Z. and {Zhu}, J. and {Zheng}, Z. and {Mao}, S. and
  {Shang}, Z. and {Fan}, X. and {Byun}, Y.-I. and {Chen}, R. and
  {Chen}, W.-p. and {Deng}, L. and {Hester}, J.~J. and {Li}, Y. and
  {Lin}, W. and {Su}, H. and {Sun}, W.-h. and {Tsay}, W.-s. and
  {Windhorst}, R.~A. and {Wu}, H. and {Xia}, X. and {Xu}, W. and
  {Xue}, S. and {Yan}, H. and {Zheng}, Z. and {Zou}, Z.},
    title = "{Spatially Resolved Spectrophotometry of M81: Age, Metallicity, and Reddening Maps}",
  journal = {\aj},
   eprint = {astro-ph/0002266},
 keywords = {ISM: Dust, Extinction, Galaxies: Abundances, Galaxies: Evolution, Galaxies: Individual: Messier Number: M81, Galaxies: Stellar Content},
     year = 2000,
    month = jun,
   volume = 119,
    pages = {2745-2756},
      doi = {10.1086/301396},
   adsurl = {http://adsabs.harvard.edu/abs/2000AJ....119.2745K},
  adsnote = {Provided by the SAO/NASA Astrophysics Data System}
}

@ARTICLE{perezg2008,
   author = {{P{\'e}rez-Gonz{\'a}lez}, P.~G. and {Rieke}, G.~H. and {Villar}, V. and
  {Barro}, G. and {Blaylock}, M. and {Egami}, E. and {Gallego}, J. and
  {Gil de Paz}, A. and {Pascual}, S. and {Zamorano}, J. and {Donley}, J.~L.
  },
    title = "{The Stellar Mass Assembly of Galaxies from z = 0 to z = 4: Analysis of a Sample Selected in the Rest-Frame Near-Infrared with Spitzer}",
  journal = {\apj},
archivePrefix = "arXiv",
   eprint = {0709.1354},
 keywords = {galaxies: evolution, galaxies: high-redshift, galaxies: photometry, galaxies: starburst, infrared: galaxies },
     year = 2008,
    month = mar,
   volume = 675,
      eid = {234-261},
    pages = {234-261},
      doi = {10.1086/523690},
   adsurl = {http://adsabs.harvard.edu/abs/2008ApJ...675..234P},
  adsnote = {Provided by the SAO/NASA Astrophysics Data System}
}


@ARTICLE{gallazzi2005,
   author = {{Gallazzi}, A. and {Charlot}, S. and {Brinchmann}, J. and {White}, S.~D.~M. and
  {Tremonti}, C.~A.},
    title = "{The ages and metallicities of galaxies in the local universe}",
  journal = {\mnras},
   eprint = {astro-ph/0506539},
 keywords = {galaxies: evolution, galaxies: formation, galaxies: stellar content},
     year = 2005,
    month = sep,
   volume = 362,
    pages = {41-58},
      doi = {10.1111/j.1365-2966.2005.09321.x},
   adsurl = {http://adsabs.harvard.edu/abs/2005MNRAS.362...41G},
  adsnote = {Provided by the SAO/NASA Astrophysics Data System}
}


@ARTICLE{croom2012,
   author = {{Croom}, S.~M. and {Lawrence}, J.~S. and {Bland-Hawthorn}, J. and
  {Bryant}, J.~J. and {Fogarty}, L. and {Richards}, S. and {Goodwin}, M. and
  {Farrell}, T. and {Miziarski}, S. and {Heald}, R. and {Jones}, D.~H. and
  {Lee}, S. and {Colless}, M. and {Brough}, S. and {Hopkins}, A.~M. and
  {Bauer}, A.~E. and {Birchall}, M.~N. and {Ellis}, S. and {Horton}, A. and
  {Leon-Saval}, S. and {Lewis}, G. and {L{\'o}pez-S{\'a}nchez}, {\'A}.~R. and
  {Min}, S.-S. and {Trinh}, C. and {Trowland}, H.},
    title = "{The Sydney-AAO Multi-object Integral field spectrograph}",
  journal = {\mnras},
archivePrefix = "arXiv",
   eprint = {1112.3367},
 keywords = {instrumentation: spectrographs, techniques: imaging spectroscopy, surveys, galaxies: general, galaxies: kinematics and dynamics},
     year = 2012,
    month = mar,
   volume = 421,
    pages = {872-893},
      doi = {10.1111/j.1365-2966.2011.20365.x},
   adsurl = {http://adsabs.harvard.edu/abs/2012MNRAS.421..872C},
  adsnote = {Provided by the SAO/NASA Astrophysics Data System}
}


@ARTICLE{bundy2015,
   author = {{Bundy}, K. and {Bershady}, M.~A. and {Law}, D.~R. and {Yan}, R. and
  {Drory}, N. and {MacDonald}, N. and {Wake}, D.~A. and {Cherinka}, B. and
  {S{\'a}nchez-Gallego}, J.~R. and {Weijmans}, A.-M. and {Thomas}, D. and
  {Tremonti}, C. and {Masters}, K. and {Coccato}, L. and {Diamond-Stanic}, A.~M. and
  {Arag{\'o}n-Salamanca}, A. and {Avila-Reese}, V. and {Badenes}, C. and
  {Falc{\'o}n-Barroso}, J. and {Belfiore}, F. and {Bizyaev}, D. and
  {Blanc}, G.~A. and {Bland-Hawthorn}, J. and {Blanton}, M.~R. and
  {Brownstein}, J.~R. and {Byler}, N. and {Cappellari}, M. and
  {Conroy}, C. and {Dutton}, A.~A. and {Emsellem}, E. and {Etherington}, J. and
  {Frinchaboy}, P.~M. and {Fu}, H. and {Gunn}, J.~E. and {Harding}, P. and
  {Johnston}, E.~J. and {Kauffmann}, G. and {Kinemuchi}, K. and
  {Klaene}, M.~A. and {Knapen}, J.~H. and {Leauthaud}, A. and
  {Li}, C. and {Lin}, L. and {Maiolino}, R. and {Malanushenko}, V. and
  {Malanushenko}, E. and {Mao}, S. and {Maraston}, C. and {McDermid}, R.~M. and
  {Merrifield}, M.~R. and {Nichol}, R.~C. and {Oravetz}, D. and
  {Pan}, K. and {Parejko}, J.~K. and {Sanchez}, S.~F. and {Schlegel}, D. and
  {Simmons}, A. and {Steele}, O. and {Steinmetz}, M. and {Thanjavur}, K. and
  {Thompson}, B.~A. and {Tinker}, J.~L. and {van den Bosch}, R.~C.~E. and
  {Westfall}, K.~B. and {Wilkinson}, D. and {Wright}, S. and {Xiao}, T. and
  {Zhang}, K.},
    title = "{Overview of the SDSS-IV MaNGA Survey: Mapping nearby Galaxies at Apache Point Observatory}",
  journal = {\apj},
archivePrefix = "arXiv",
   eprint = {1412.1482},
 keywords = {galaxies: evolution, galaxies: general, surveys, techniques: imaging spectroscopy},
     year = 2015,
    month = jan,
   volume = 798,
      eid = {7},
    pages = {7},
      doi = {10.1088/0004-637X/798/1/7},
   adsurl = {http://adsabs.harvard.edu/abs/2015ApJ...798....7B},
  adsnote = {Provided by the SAO/NASA Astrophysics Data System}
}

@ARTICLE{serra2007,
   author = {{Serra}, P. and {Trager}, S.~C.},
    title = "{On the interpretation of the age and chemical composition of composite stellar populations determined with line-strength indices}",
  journal = {\mnras},
   eprint = {astro-ph/0610343},
 keywords = {galaxies: stellar content},
     year = 2007,
    month = jan,
   volume = 374,
    pages = {769-774},
      doi = {10.1111/j.1365-2966.2006.11188.x},
   adsurl = {http://adsabs.harvard.edu/abs/2007MNRAS.374..769S},
  adsnote = {Provided by the SAO/NASA Astrophysics Data System}
}


@ARTICLE{moustakas2010,
   author = {{Moustakas}, J. and {Kennicutt}, Jr., R.~C. and {Tremonti}, C.~A. and
  {Dale}, D.~A. and {Smith}, J.-D.~T. and {Calzetti}, D.},
    title = "{Optical Spectroscopy and Nebular Oxygen Abundances of the Spitzer/SINGS Galaxies}",
  journal = {\apjs},
archivePrefix = "arXiv",
   eprint = {1007.4547},
 keywords = {atlases, galaxies: abundances, galaxies: fundamental parameters, galaxies: ISM, galaxies: stellar content, techniques: spectroscopic},
     year = 2010,
    month = oct,
   volume = 190,
      eid = {233-266},
    pages = {233-266},
      doi = {10.1088/0067-0049/190/2/233},
   adsurl = {http://adsabs.harvard.edu/abs/2010ApJS..190..233M},
  adsnote = {Provided by the SAO/NASA Astrophysics Data System}
}

@ARTICLE{sanchez2014,
   author = {{S{\'a}nchez}, S.~F. and {Rosales-Ortega}, F.~F. and {Iglesias-P{\'a}ramo}, J. and
  {Moll{\'a}}, M. and {Barrera-Ballesteros}, J. and {Marino}, R.~A. and
  {P{\'e}rez}, E. and {S{\'a}nchez-Blazquez}, P. and {Gonz{\'a}lez Delgado}, R. and
  {Cid Fernandes}, R. and {de Lorenzo-C{\'a}ceres}, A. and {Mendez-Abreu}, J. and
  {Galbany}, L. and {Falcon-Barroso}, J. and {Miralles-Caballero}, D. and
  {Husemann}, B. and {Garc{\'{\i}}a-Benito}, R. and {Mast}, D. and
  {Walcher}, C.~J. and {Gil de Paz}, A. and {Garc{\'{\i}}a-Lorenzo}, B. and
  {Jungwiert}, B. and {V{\'{\i}}lchez}, J.~M. and {J{\'{\i}}lkov{\'a}}, L. and
  {Lyubenova}, M. and {Cortijo-Ferrero}, C. and {D{\'{\i}}az}, A.~I. and
  {Wisotzki}, L. and {M{\'a}rquez}, I. and {Bland-Hawthorn}, J. and
  {Ellis}, S. and {van de Ven}, G. and {Jahnke}, K. and {Papaderos}, P. and
  {Gomes}, J.~M. and {Mendoza}, M.~A. and {L{\'o}pez-S{\'a}nchez}, {\'A}.~R.
  },
    title = "{A characteristic oxygen abundance gradient in galaxy disks unveiled with CALIFA}",
  journal = {\aap},
archivePrefix = "arXiv",
   eprint = {1311.7052},
 keywords = {HII regions, galaxies: ISM, ISM: abundances, galaxies: abundances, galaxies: evolution, galaxies: star formation},
     year = 2014,
    month = mar,
   volume = 563,
      eid = {A49},
    pages = {A49},
      doi = {10.1051/0004-6361/201322343},
   adsurl = {http://adsabs.harvard.edu/abs/2014A%26A...563A..49S},
  adsnote = {Provided by the SAO/NASA Astrophysics Data System}
}

@ARTICLE{sutherland1993,
   author = {{Sutherland}, R.~S. and {Dopita}, M.~A.},
    title = "{Cooling functions for low-density astrophysical plasmas}",
  journal = {\apjs},
 keywords = {Cooling Flows (Astrophysics), Cosmic Plasma, Nonequilibrium Ionization, One Dimensional Flow, Plasma Slabs, Radiative Transfer, Charge Exchange, Electron Impact, Grid Generation (Mathematics), Hydrogen Recombinations, Ionization, Mathematical Models, Metallicity, Photoionization, Radiative Recombination, Rarefied Plasmas, Resonance Lines},
     year = 1993,
    month = sep,
   volume = 88,
    pages = {253-327},
      doi = {10.1086/191823},
   adsurl = {http://adsabs.harvard.edu/abs/1993ApJS...88..253S},
  adsnote = {Provided by the SAO/NASA Astrophysics Data System}
}

@ARTICLE{springel2001,
   author = {{Springel}, V. and {White}, S.~D.~M. and {Tormen}, G. and {Kauffmann}, G.
  },
    title = "{Populating a cluster of galaxies - I. Results at [formmu2]z=0}",
  journal = {\mnras},
   eprint = {astro-ph/0012055},
 keywords = {GALAXIES: CLUSTERS: GENERAL, GALAXIES: FORMATION, DARK MATTER},
     year = 2001,
    month = dec,
   volume = 328,
    pages = {726-750},
      doi = {10.1046/j.1365-8711.2001.04912.x},
   adsurl = {http://adsabs.harvard.edu/abs/2001MNRAS.328..726S},
  adsnote = {Provided by the SAO/NASA Astrophysics Data System}
}


@ARTICLE{nagashima2005,
   author = {{Nagashima}, M. and {Lacey}, C.~G. and {Okamoto}, T. and {Baugh}, C.~M. and
  {Frenk}, C.~S. and {Cole}, S.},
    title = "{The metal enrichment of elliptical galaxies in hierarchical galaxy formation models}",
  journal = {\mnras},
   eprint = {astro-ph/0504618},
 keywords = {stars: luminosity function, mass function, galaxies: clusters: general, galaxies: formation, large-scale structure of Universe},
     year = 2005,
    month = oct,
   volume = 363,
    pages = {L31-L35},
      doi = {10.1111/j.1745-3933.2005.00078.x},
   adsurl = {http://adsabs.harvard.edu/abs/2005MNRAS.363L..31N},
  adsnote = {Provided by the SAO/NASA Astrophysics Data System}
}

@ARTICLE{thomas1999,
   author = {{Thomas}, D. and {Greggio}, L. and {Bender}, R.},
    title = "{Constraints on galaxy formation from alpha-enhancement in luminous elliptical galaxies}",
  journal = {\mnras},
   eprint = {astro-ph/9809261},
 keywords = {GALAXIES: ELLIPTICAL AND LENTICULAR, CD, GALAXIES: FORMATION, GALAXIES: LUMINOSITY FUNCTION, MASS FUNCTION, GALAXIES: STELLAR CONTENT},
     year = 1999,
    month = jan,
   volume = 302,
    pages = {537-548},
      doi = {10.1046/j.1365-8711.1999.02138.x},
   adsurl = {http://adsabs.harvard.edu/abs/1999MNRAS.302..537T},
  adsnote = {Provided by the SAO/NASA Astrophysics Data System}
}

@ARTICLE{dekel1986,
   author = {{Dekel}, A. and {Silk}, J.},
    title = "{The origin of dwarf galaxies, cold dark matter, and biased galaxy formation}",
  journal = {\apj},
 keywords = {Abundance, Cold Plasmas, Dark Matter, Dwarf Galaxies, Galactic Evolution, Stellar Winds, Virgo Galactic Cluster, Big Bang Cosmology, Galactic Structure, Local Group (Astronomy), Mass To Light Ratios, Stellar Evolution, Supernovae},
     year = 1986,
    month = apr,
   volume = 303,
    pages = {39-55},
      doi = {10.1086/164050},
   adsurl = {http://adsabs.harvard.edu/abs/1986ApJ...303...39D},
  adsnote = {Provided by the SAO/NASA Astrophysics Data System}
}

@ARTICLE{benson2003,
   author = {{Benson}, A.~J. and {Bower}, R.~G. and {Frenk}, C.~S. and {Lacey}, C.~G. and
  {Baugh}, C.~M. and {Cole}, S.},
    title = "{What Shapes the Luminosity Function of Galaxies?}",
  journal = {\apj},
   eprint = {astro-ph/0302450},
 keywords = {Conduction, Galaxies: Cooling Flows, Galaxies: Evolution, Galaxies: Formation, Galaxies: Luminosity Function, Mass Function},
     year = 2003,
    month = dec,
   volume = 599,
    pages = {38-49},
      doi = {10.1086/379160},
   adsurl = {http://adsabs.harvard.edu/abs/2003ApJ...599...38B},
  adsnote = {Provided by the SAO/NASA Astrophysics Data System}
}


@INPROCEEDINGS{schawinski2006,
   author = {{Schawinski}, K. and {Khochfar}, S. and {Yi}, S.~K. and {Kaviraj}, S. and
  {GALEX Science Team}},
    title = "{AGN Feedback Regulating Early-type Galaxy Evolution}",
booktitle = {American Astronomical Society Meeting Abstracts},
     year = 2006,
   series = {Bulletin of the American Astronomical Society},
   volume = 38,
    month = dec,
      eid = {38.01},
    pages = {955},
   adsurl = {http://adsabs.harvard.edu/abs/2006AAS...209.3801S},
  adsnote = {Provided by the SAO/NASA Astrophysics Data System}
}


@ARTICLE{dimatteo2005,
   author = {{Di Matteo}, T. and {Springel}, V. and {Hernquist}, L.},
    title = "{Energy input from quasars regulates the growth and activity of black holes and their host galaxies}",
  journal = {\nat},
   eprint = {astro-ph/0502199},
     year = 2005,
    month = feb,
   volume = 433,
    pages = {604-607},
      doi = {10.1038/nature03335},
   adsurl = {http://adsabs.harvard.edu/abs/2005Natur.433..604D},
  adsnote = {Provided by the SAO/NASA Astrophysics Data System}
}

@ARTICLE{springel2005,
   author = {{Springel}, V. and {Di Matteo}, T. and {Hernquist}, L.},
    title = "{Modelling feedback from stars and black holes in galaxy mergers}",
  journal = {\mnras},
   eprint = {astro-ph/0411108},
 keywords = {methods: numerical, galaxies: active, galaxies: interactions, galaxies: starburst, galaxies: structure},
     year = 2005,
    month = aug,
   volume = 361,
    pages = {776-794},
      doi = {10.1111/j.1365-2966.2005.09238.x},
   adsurl = {http://adsabs.harvard.edu/abs/2005MNRAS.361..776S},
  adsnote = {Provided by the SAO/NASA Astrophysics Data System}
}


@ARTICLE{fabian2006,
   author = {{Fabian}, A.~C. and {Celotti}, A. and {Erlund}, M.~C.},
    title = "{Radiative pressure feedback by a quasar in a galactic bulge}",
  journal = {\mnras},
   eprint = {astro-ph/0608425},
 keywords = {radiative transfer, galaxies: nuclei, galaxies: ISM, quasars: general},
     year = 2006,
    month = nov,
   volume = 373,
    pages = {L16-L20},
      doi = {10.1111/j.1745-3933.2006.00234.x},
   adsurl = {http://adsabs.harvard.edu/abs/2006MNRAS.373L..16F},
  adsnote = {Provided by the SAO/NASA Astrophysics Data System}
}

@ARTICLE{gonzalezdelgado2016,
   author = {{Gonz{\'a}lez Delgado}, R.~M. and {Cid Fernandes}, R. and {P{\'e}rez}, E. and
  {Garc{\'{\i}}a-Benito}, R. and {L{\'o}pez Fern{\'a}ndez}, R. and
  {Lacerda}, E.~A.~D. and {Cortijo-Ferrero}, C. and {de Amorim}, A.~L. and
  {Vale Asari}, N. and {S{\'a}nchez}, S.~F. and {Walcher}, C.~J. and
  {Wisotzki}, L. and {Mast}, D. and {Alves}, J. and {Ascasibar}, Y. and
  {Bland-Hawthorn}, J. and {Galbany}, L. and {Kennicutt}, Jr., R.~C. and
  {M{\'a}rquez}, I. and {Masegosa}, J. and {Moll{\'a}}, M. and
  {S{\'a}nchez-Bl{\'a}zquez}, P. and {V{\'{\i}}lchez}, J.~M. and
  {CALIFA collaboration}},
    title = "{Star formation along the Hubble sequence: Radial structure of the star formation of CALIFA galaxies}",
  journal = {ArXiv e-prints},
archivePrefix = "arXiv",
   eprint = {1603.00874},
 keywords = {Astrophysics - Astrophysics of Galaxies},
     year = 2016,
    month = mar,
   adsurl = {http://adsabs.harvard.edu/abs/2016arXiv160300874G},
  adsnote = {Provided by the SAO/NASA Astrophysics Data System}
}

@ARTICLE{bell2000,
   author = {{Bell}, E.~F. and {de Jong}, R.~S.},
    title = "{The stellar populations of spiral galaxies}",
  journal = {\mnras},
   eprint = {astro-ph/9909402},
 keywords = {GALAXIES: ABUNDANCES, GALAXIES: EVOLUTION, GALAXIES: GENERAL, GALAXIES: SPIRAL, GALAXIES: STELLAR CONTENT, GALAXIES: STRUCTURE},
     year = 2000,
    month = mar,
   volume = 312,
    pages = {497-520},
      doi = {10.1046/j.1365-8711.2000.03138.x},
   adsurl = {http://adsabs.harvard.edu/abs/2000MNRAS.312..497B},
  adsnote = {Provided by the SAO/NASA Astrophysics Data System}
}

@ARTICLE{cosmos2007,
   author = {{Scoville}, N. and {Aussel}, H. and {Brusa}, M. and {Capak}, P. and
  {Carollo}, C.~M. and {Elvis}, M. and {Giavalisco}, M. and {Guzzo}, L. and
  {Hasinger}, G. and {Impey}, C. and {Kneib}, J.-P. and {LeFevre}, O. and
  {Lilly}, S.~J. and {Mobasher}, B. and {Renzini}, A. and {Rich}, R.~M. and
  {Sanders}, D.~B. and {Schinnerer}, E. and {Schminovich}, D. and
  {Shopbell}, P. and {Taniguchi}, Y. and {Tyson}, N.~D.},
    title = "{The Cosmic Evolution Survey (COSMOS): Overview}",
  journal = {\apjs},
   eprint = {astro-ph/0612305},
 keywords = {Cosmology: Observations, Cosmology: Dark Matter, Galaxies: Evolution, Galaxies: Formation, Cosmology: Large-Scale Structure of Universe, Surveys},
     year = 2007,
    month = sep,
   volume = 172,
    pages = {1-8},
      doi = {10.1086/516585},
   adsurl = {http://adsabs.harvard.edu/abs/2007ApJS..172....1S},
  adsnote = {Provided by the SAO/NASA Astrophysics Data System}
}

@ARTICLE{papaderos1996,
   author = {{Papaderos}, P. and {Loose}, H.-H. and {Thuan}, T.~X. and {Fricke}, K.~J.
  },
    title = "{Optical structure and star formation in blue compact dwarf galaxies. I. Observations and profile decomposition.}",
  journal = {\aaps},
 keywords = {GALAXIES: COMPACT, PHOTOMETRY, STRUCTURE, FUNDAMENTAL PARAMETERS},
     year = 1996,
    month = dec,
   volume = 120,
    pages = {207-228},
   adsurl = {http://adsabs.harvard.edu/abs/1996A%26AS..120..207P},
  adsnote = {Provided by the SAO/NASA Astrophysics Data System}
}

@ARTICLE{sanchez2004,
   author = {{S{\'a}nchez}, S.~F. and {Jahnke}, K. and {Wisotzki}, L. and
  {McIntosh}, D.~H. and {Bell}, E.~F. and {Barden}, M. and {Beckwith}, S.~V.~W. and
  {Borch}, A. and {Caldwell}, J.~A.~R. and {H{\"a}ussler}, B. and
  {Jogee}, S. and {Meisenheimer}, K. and {Peng}, C.~Y. and {Rix}, H.-W. and
  {Somerville}, R.~S. and {Wolf}, C.},
    title = "{Colors of Active Galactic Nucleus Host Galaxies at 0.5$\lt$z$\lt$1.1 from the GEMS Survey}",
  journal = {\apj},
   eprint = {astro-ph/0403645},
 keywords = {Galaxies: Active, Galaxies: Fundamental Parameters, Galaxies: High-Redshift, Galaxies: Starburst, Galaxies: Quasars: General},
     year = 2004,
    month = oct,
   volume = 614,
    pages = {586-606},
      doi = {10.1086/423234},
   adsurl = {http://adsabs.harvard.edu/abs/2004ApJ...614..586S},
  adsnote = {Provided by the SAO/NASA Astrophysics Data System}
}

@ARTICLE{hopkins2016,
   author = {{Hopkins}, P.~F. and {Torrey}, P. and {Faucher-Gigu{\`e}re}, C.-A. and
  {Quataert}, E. and {Murray}, N.},
    title = "{Stellar and quasar feedback in concert: effects on AGN accretion, obscuration, and outflows}",
  journal = {\mnras},
archivePrefix = "arXiv",
   eprint = {1504.05209},
 keywords = {galaxies: active, galaxies: evolution, galaxies: formation, cosmology: theory},
     year = 2016,
    month = may,
   volume = 458,
    pages = {816-831},
      doi = {10.1093/mnras/stw289},
   adsurl = {http://adsabs.harvard.edu/abs/2016MNRAS.458..816H},
  adsnote = {Provided by the SAO/NASA Astrophysics Data System}
}



@ARTICLE{fraser2016,
   author = {{Fraser-McKelvie}, A. and {Pimbblet}, K.~A. and {Penny}, S.~J. and
  {Brown}, M.~J.~I.},
    title = "{The many assembly histories of massive void galaxies as revealed by integral field spectroscopy}",
  journal = {\mnras},
archivePrefix = "arXiv",
   eprint = {1603.06295},
 keywords = {galaxies: evolution, galaxies: general, galaxies: kinematics and dynamics, galaxies: stellar content},
     year = 2016,
    month = jun,
   volume = 459,
    pages = {754-770},
      doi = {10.1093/mnras/stw677},
   adsurl = {http://adsabs.harvard.edu/abs/2016MNRAS.459..754F},
  adsnote = {Provided by the SAO/NASA Astrophysics Data System}
}


@ARTICLE{sarzi2016,
   author = {{Sarzi}, M. and {Kaviraj}, S. and {Nedelchev}, B. and {Tiffany}, J. and
  {Shabala}, S.~S. and {Deller}, A.~T. and {Middelberg}, E.},
    title = "{Cold-gas outflows in typical low-redshift galaxies are driven by star formation, not AGN}",
  journal = {\mnras},
archivePrefix = "arXiv",
   eprint = {1510.06738},
 keywords = {galaxies: elliptical and lenticular, cD, galaxies: evolution, galaxies: nuclei, galaxies: spiral},
     year = 2016,
    month = feb,
   volume = 456,
    pages = {L25-L29},
      doi = {10.1093/mnrasl/slv165},
   adsurl = {http://adsabs.harvard.edu/abs/2016MNRAS.456L..25S},
  adsnote = {Provided by the SAO/NASA Astrophysics Data System}
}

@ARTICLE{urry1995,
   author = {{Urry}, C.~M. and {Padovani}, P.},
    title = "{Unified Schemes for Radio-Loud Active Galactic Nuclei}",
  journal = {\pasp},
   eprint = {astro-ph/9506063},
 keywords = {GALAXIES: ACTIVE, GALAXIES: FUNDAMENTAL PARAMETERS},
     year = 1995,
    month = sep,
   volume = 107,
    pages = {803},
      doi = {10.1086/133630},
   adsurl = {http://adsabs.harvard.edu/abs/1995PASP..107..803U},
  adsnote = {Provided by the SAO/NASA Astrophysics Data System}
}

@ARTICLE{corteau2014,
   author = {{Courteau}, S. and {Cappellari}, M. and {de Jong}, R.~S. and
  {Dutton}, A.~A. and {Emsellem}, E. and {Hoekstra}, H. and {Koopmans}, L.~V.~E. and
  {Mamon}, G.~A. and {Maraston}, C. and {Treu}, T. and {Widrow}, L.~M.
  },
    title = "{Galaxy masses}",
  journal = {Reviews of Modern Physics},
archivePrefix = "arXiv",
   eprint = {1309.3276},
 keywords = {Mass and mass distribution, Statistical and correlative studies of properties, Mass and density},
     year = 2014,
    month = jan,
   volume = 86,
    pages = {47-119},
      doi = {10.1103/RevModPhys.86.47},
   adsurl = {http://adsabs.harvard.edu/abs/2014RvMP...86...47C},
  adsnote = {Provided by the SAO/NASA Astrophysics Data System}
}

@ARTICLE{baade1957,
   author = {{Baade}, W.},
    title = "{Galaxies and their stellar population}",
  journal = {The Observatory},
     year = 1957,
    month = oct,
   volume = 77,
    pages = {165-171},
   adsurl = {http://adsabs.harvard.edu/abs/1957Obs....77..165B},
  adsnote = {Provided by the SAO/NASA Astrophysics Data System}
}

@ARTICLE{antonucci1993,
   author = {{Antonucci}, R.},
    title = "{Unified models for active galactic nuclei and quasars}",
  journal = {\araa},
 keywords = {Active Galactic Nuclei, Astronomical Polarimetry, Quasars, Radio Galaxies, Astronomical Spectroscopy, Bl Lacertae Objects, Blazars},
     year = 1993,
   volume = 31,
    pages = {473-521},
      doi = {10.1146/annurev.aa.31.090193.002353},
   adsurl = {http://adsabs.harvard.edu/abs/1993ARA%26A..31..473A},
  adsnote = {Provided by the SAO/NASA Astrophysics Data System}
}

@ARTICLE{vanden2001,
   author = {{Vanden Berk}, D.~E. and {Richards}, G.~T. and {Bauer}, A. and
  {Strauss}, M.~A. and {Schneider}, D.~P. and {Heckman}, T.~M. and
  {York}, D.~G. and {Hall}, P.~B. and {Fan}, X. and {Knapp}, G.~R. and
  {Anderson}, S.~F. and {Annis}, J. and {Bahcall}, N.~A. and {Bernardi}, M. and
  {Briggs}, J.~W. and {Brinkmann}, J. and {Brunner}, R. and {Burles}, S. and
  {Carey}, L. and {Castander}, F.~J. and {Connolly}, A.~J. and
  {Crocker}, J.~H. and {Csabai}, I. and {Doi}, M. and {Finkbeiner}, D. and
  {Friedman}, S. and {Frieman}, J.~A. and {Fukugita}, M. and {Gunn}, J.~E. and
  {Hennessy}, G.~S. and {Ivezi{\'c}}, {\v Z}. and {Kent}, S. and
  {Kunszt}, P.~Z. and {Lamb}, D.~Q. and {Leger}, R.~F. and {Long}, D.~C. and
  {Loveday}, J. and {Lupton}, R.~H. and {Meiksin}, A. and {Merelli}, A. and
  {Munn}, J.~A. and {Newberg}, H.~J. and {Newcomb}, M. and {Nichol}, R.~C. and
  {Owen}, R. and {Pier}, J.~R. and {Pope}, A. and {Rockosi}, C.~M. and
  {Schlegel}, D.~J. and {Siegmund}, W.~A. and {Smee}, S. and {Snir}, Y. and
  {Stoughton}, C. and {Stubbs}, C. and {SubbaRao}, M. and {Szalay}, A.~S. and
  {Szokoly}, G.~P. and {Tremonti}, C. and {Uomoto}, A. and {Waddell}, P. and
  {Yanny}, B. and {Zheng}, W.},
    title = "{Composite Quasar Spectra from the Sloan Digital Sky Survey}",
  journal = {\aj},
   eprint = {astro-ph/0105231},
 keywords = {Galaxies: Quasars: Emission Lines, Galaxies: Quasars: General},
     year = 2001,
    month = aug,
   volume = 122,
    pages = {549-564},
      doi = {10.1086/321167},
   adsurl = {http://adsabs.harvard.edu/abs/2001AJ....122..549V},
  adsnote = {Provided by the SAO/NASA Astrophysics Data System}
}

@ARTICLE{butcher1984,
   author = {{Butcher}, H. and {Oemler}, Jr., A.},
    title = "{The evolution of galaxies in clusters. V - A study of populations since Z approximately equal to 0.5}",
  journal = {\apj},
 keywords = {Astronomical Photometry, Cosmology, Galactic Clusters, Galactic Evolution, Red Shift, Colorimetry, Spiral Galaxies, Virgo Galactic Cluster},
     year = 1984,
    month = oct,
   volume = 285,
    pages = {426-438},
      doi = {10.1086/162519},
   adsurl = {http://adsabs.harvard.edu/abs/1984ApJ...285..426B},
  adsnote = {Provided by the SAO/NASA Astrophysics Data System}
}

@ARTICLE{haines2015,
   author = {{Haines}, C.~P. and {Pereira}, M.~J. and {Smith}, G.~P. and
  {Egami}, E. and {Babul}, A. and {Finoguenov}, A. and {Ziparo}, F. and
  {McGee}, S.~L. and {Rawle}, T.~D. and {Okabe}, N. and {Moran}, S.~M.
  },
    title = "{LoCuSS: The Slow Quenching of Star Formation in Cluster Galaxies and the Need for Pre-processing}",
  journal = {\apj},
archivePrefix = "arXiv",
   eprint = {1504.05604},
 keywords = {galaxies: active, galaxies: clusters: general, galaxies: evolution, galaxies: stellar content},
     year = 2015,
    month = jun,
   volume = 806,
      eid = {101},
    pages = {101},
      doi = {10.1088/0004-637X/806/1/101},
   adsurl = {http://adsabs.harvard.edu/abs/2015ApJ...806..101H},
  adsnote = {Provided by the SAO/NASA Astrophysics Data System}
}

@ARTICLE{kennicutt1998,
   author = {{Kennicutt}, Jr., R.~C.},
    title = "{Star Formation in Galaxies Along the Hubble Sequence}",
  journal = {\araa},
   eprint = {astro-ph/9807187},
     year = 1998,
   volume = 36,
    pages = {189-232},
      doi = {10.1146/annurev.astro.36.1.189},
   adsurl = {http://adsabs.harvard.edu/abs/1998ARA%26A..36..189K},
  adsnote = {Provided by the SAO/NASA Astrophysics Data System}
}

@ARTICLE{bundy2015,
   author = {{Bundy}, K. and {Bershady}, M.~A. and {Law}, D.~R. and {Yan}, R. and
  {Drory}, N. and {MacDonald}, N. and {Wake}, D.~A. and {Cherinka}, B. and
  {S{\'a}nchez-Gallego}, J.~R. and {Weijmans}, A.-M. and {Thomas}, D. and
  {Tremonti}, C. and {Masters}, K. and {Coccato}, L. and {Diamond-Stanic}, A.~M. and
  {Arag{\'o}n-Salamanca}, A. and {Avila-Reese}, V. and {Badenes}, C. and
  {Falc{\'o}n-Barroso}, J. and {Belfiore}, F. and {Bizyaev}, D. and
  {Blanc}, G.~A. and {Bland-Hawthorn}, J. and {Blanton}, M.~R. and
  {Brownstein}, J.~R. and {Byler}, N. and {Cappellari}, M. and
  {Conroy}, C. and {Dutton}, A.~A. and {Emsellem}, E. and {Etherington}, J. and
  {Frinchaboy}, P.~M. and {Fu}, H. and {Gunn}, J.~E. and {Harding}, P. and
  {Johnston}, E.~J. and {Kauffmann}, G. and {Kinemuchi}, K. and
  {Klaene}, M.~A. and {Knapen}, J.~H. and {Leauthaud}, A. and
  {Li}, C. and {Lin}, L. and {Maiolino}, R. and {Malanushenko}, V. and
  {Malanushenko}, E. and {Mao}, S. and {Maraston}, C. and {McDermid}, R.~M. and
  {Merrifield}, M.~R. and {Nichol}, R.~C. and {Oravetz}, D. and
  {Pan}, K. and {Parejko}, J.~K. and {Sanchez}, S.~F. and {Schlegel}, D. and
  {Simmons}, A. and {Steele}, O. and {Steinmetz}, M. and {Thanjavur}, K. and
  {Thompson}, B.~A. and {Tinker}, J.~L. and {van den Bosch}, R.~C.~E. and
  {Westfall}, K.~B. and {Wilkinson}, D. and {Wright}, S. and {Xiao}, T. and
  {Zhang}, K.},
    title = "{Overview of the SDSS-IV MaNGA Survey: Mapping nearby Galaxies at Apache Point Observatory}",
  journal = {\apj},
archivePrefix = "arXiv",
   eprint = {1412.1482},
 keywords = {galaxies: evolution, galaxies: general, surveys, techniques: imaging spectroscopy},
     year = 2015,
    month = jan,
   volume = 798,
      eid = {7},
    pages = {7},
      doi = {10.1088/0004-637X/798/1/7},
   adsurl = {http://adsabs.harvard.edu/abs/2015ApJ...798....7B},
  adsnote = {Provided by the SAO/NASA Astrophysics Data System}
}


@ARTICLE{andrae2010,
   author = {{Andrae}, R. and {Schulze-Hartung}, T. and {Melchior}, P.},
    title = "{Dos and don'ts of reduced chi-squared}",
  journal = {ArXiv e-prints},
archivePrefix = "arXiv",
   eprint = {1012.3754},
 primaryClass = "astro-ph.IM",
 keywords = {Astrophysics - Instrumentation and Methods for Astrophysics, Physics - Data Analysis, Statistics and Probability, Statistics - Methodology},
     year = 2010,
    month = dec,
   adsurl = {http://adsabs.harvard.edu/abs/2010arXiv1012.3754A},
  adsnote = {Provided by the SAO/NASA Astrophysics Data System}
}

Retrieved 1 abstracts, starting with number 1.  Total number selected: 1.

@ARTICLE{plank2014,
   author = {{Planck Collaboration} and {Ade}, P.~A.~R. and {Aghanim}, N. and 
  {Arnaud}, M. and {Ashdown}, M. and {Aumont}, J. and {Baccigalupi}, C. and 
  {Banday}, A.~J. and {Barreiro}, R.~B. and {Bartlett}, J.~G. and 
  {Battaner}, E. and {Benabed}, K. and {Benoit-L{\'e}vy}, A. and 
  {Bernard}, J.-P. and {Bersanelli}, M. and {Bielewicz}, P. and 
  {Bobin}, J. and {Bonaldi}, A. and {Bond}, J.~R. and {Bouchet}, F.~R. and 
  {Burigana}, C. and {Cardoso}, J.-F. and {Catalano}, A. and {Chamballu}, A. and 
  {Chiang}, H.~C. and {Christensen}, P.~R. and {Clements}, D.~L. and 
  {Colombi}, S. and {Colombo}, L.~P.~L. and {Couchot}, F. and 
  {Cuttaia}, F. and {Danese}, L. and {Davies}, R.~D. and {Davis}, R.~J. and 
  {de Bernardis}, P. and {de Rosa}, A. and {de Zotti}, G. and 
  {Delabrouille}, J. and {Dickinson}, C. and {Diego}, J.~M. and 
  {Dole}, H. and {Donzelli}, S. and {Dor{\'e}}, O. and {Douspis}, M. and 
  {Dupac}, X. and {En{\ss}lin}, T.~A. and {Eriksen}, H.~K. and 
  {Finelli}, F. and {Forni}, O. and {Frailis}, M. and {Franceschi}, E. and 
  {Galeotta}, S. and {Galli}, S. and {Ganga}, K. and {Giard}, M. and 
  {Giraud-H{\'e}raud}, Y. and {Gonz{\'a}lez-Nuevo}, J. and {G{\'o}rski}, K.~M. and 
  {Gregorio}, A. and {Gruppuso}, A. and {Hansen}, F.~K. and {Harrison}, D.~L. and 
  {Henrot-Versill{\'e}}, S. and {Hern{\'a}ndez-Monteagudo}, C. and 
  {Herranz}, D. and {Hildebrandt}, S.~R. and {Hivon}, E. and {Hobson}, M. and 
  {Holmes}, W.~A. and {Hornstrup}, A. and {Hovest}, W. and {Huffenberger}, K.~M. and 
  {Jaffe}, A.~H. and {Jaffe}, T.~R. and {Jones}, W.~C. and {Juvela}, M. and 
  {Keih{\"a}nen}, E. and {Keskitalo}, R. and {Kisner}, T.~S. and 
  {Kneissl}, R. and {Knoche}, J. and {Knox}, L. and {Kunz}, M. and 
  {Kurki-Suonio}, H. and {Lagache}, G. and {L{\"a}hteenm{\"a}ki}, A. and 
  {Lamarre}, J.-M. and {Lasenby}, A. and {Lawrence}, C.~R. and 
  {Leonardi}, R. and {Liddle}, A. and {Liguori}, M. and {Lilje}, P.~B. and 
  {Linden-V{\o}rnle}, M. and {L{\'o}pez-Caniego}, M. and {Lubin}, P.~M. and 
  {Mac{\'{\i}}as-P{\'e}rez}, J.~F. and {Maffei}, B. and {Maino}, D. and 
  {Mandolesi}, N. and {Maris}, M. and {Martin}, P.~G. and {Mart{\'{\i}}nez-Gonz{\'a}lez}, E. and 
  {Masi}, S. and {Massardi}, M. and {Matarrese}, S. and {Mazzotta}, P. and 
  {Melchiorri}, A. and {Mendes}, L. and {Mennella}, A. and {Migliaccio}, M. and 
  {Mitra}, S. and {Miville-Desch{\^e}nes}, M.-A. and {Moneti}, A. and 
  {Montier}, L. and {Morgante}, G. and {Munshi}, D. and {Murphy}, J.~A. and 
  {Naselsky}, P. and {Nati}, F. and {Natoli}, P. and {Noviello}, F. and 
  {Novikov}, D. and {Novikov}, I. and {Oxborrow}, C.~A. and {Pagano}, L. and 
  {Pajot}, F. and {Paoletti}, D. and {Pasian}, F. and {Perdereau}, O. and 
  {Perotto}, L. and {Perrotta}, F. and {Pettorino}, V. and {Piacentini}, F. and 
  {Piat}, M. and {Pierpaoli}, E. and {Pietrobon}, D. and {Plaszczynski{\lowast}}, S. and 
  {Pointecouteau}, E. and {Polenta}, G. and {Popa}, L. and {Pratt}, G.~W. and 
  {Puget}, J.-L. and {Rachen}, J.~P. and {Rebolo}, R. and {Reinecke}, M. and 
  {Remazeilles}, M. and {Renault}, C. and {Ricciardi}, S. and 
  {Riller}, T. and {Ristorcelli}, I. and {Rocha}, G. and {Rosset}, C. and 
  {Roudier}, G. and {Rouill{\'e} d'Orfeuil}, B. and {Rubi{\~n}o-Mart{\'{\i}}n}, J.~A. and 
  {Rusholme}, B. and {Sandri}, M. and {Savelainen}, M. and {Savini}, G. and 
  {Spencer}, L.~D. and {Spinelli}, M. and {Starck}, J.-L. and 
  {Sureau}, F. and {Sutton}, D. and {Suur-Uski}, A.-S. and {Sygnet}, J.-F. and 
  {Tauber}, J.~A. and {Terenzi}, L. and {Toffolatti}, L. and {Tomasi}, M. and 
  {Tristram}, M. and {Tucci}, M. and {Umana}, G. and {Valenziano}, L. and 
  {Valiviita}, J. and {Van Tent}, B. and {Vielva}, P. and {Villa}, F. and 
  {Wade}, L.~A. and {Wandelt}, B.~D. and {White}, M. and {Yvon}, D. and 
  {Zacchei}, A. and {Zonca}, A.},
    title = "{Planck intermediate results. XVI. Profile likelihoods for cosmological parameters}",
  journal = {\aap},
archivePrefix = "arXiv",
   eprint = {1311.1657},
 keywords = {cosmic background radiation, cosmology: observations, cosmology: theory, cosmological parameters, methods: statistical},
     year = 2014,
    month = jun,
   volume = 566,
      eid = {A54},
    pages = {A54},
      doi = {10.1051/0004-6361/201323003},
   adsurl = {http://adsabs.harvard.edu/abs/2014A%26A...566A..54P},
  adsnote = {Provided by the SAO/NASA Astrophysics Data System}
}
